[{"side": "BUY", "size": 0.0182144, "sell_child_order_acceptance_id": "JRF20171025-115246-638390", "price": 623649.0, "buy_child_order_acceptance_id": "JRF20171025-115254-476651", "id": 61504431, "exec_date": "2017-10-25T11:52:55.627"}, {"side": "BUY", "size": 0.1817856, "sell_child_order_acceptance_id": "JRF20171025-115234-009785", "price": 623600.0, "buy_child_order_acceptance_id": "JRF20171025-115254-476651", "id": 61504430, "exec_date": "2017-10-25T11:52:55.627"}, {"side": "BUY", "size": 0.0182144, "sell_child_order_acceptance_id": "JRF20171025-115234-009785", "price": 623600.0, "buy_child_order_acceptance_id": "JRF20171025-115255-476653", "id": 61504428, "exec_date": "2017-10-25T11:52:55.457"}, {"side": "BUY", "size": 0.4817856, "sell_child_order_acceptance_id": "JRF20171025-114910-251207", "price": 623600.0, "buy_child_order_acceptance_id": "JRF20171025-115255-476653", "id": 61504427, "exec_date": "2017-10-25T11:52:55.457"}, {"side": "BUY", "size": 0.1, "sell_child_order_acceptance_id": "JRF20171025-114910-251207", "price": 623600.0, "buy_child_order_acceptance_id": "JRF20171025-115254-156391", "id": 61504421, "exec_date": "2017-10-25T11:52:54.457"}, {"side": "BUY", "size": 0.0153, "sell_child_order_acceptance_id": "JRF20171025-114910-251207", "price": 623600.0, "buy_child_order_acceptance_id": "JRF20171025-115252-008812", "id": 61504413, "exec_date": "2017-10-25T11:52:54.16"}, {"side": "SELL", "size": 0.01111772, "sell_child_order_acceptance_id": "JRF20171025-115253-008401", "price": 623467.0, "buy_child_order_acceptance_id": "JRF20171025-115252-476643", "id": 61504404, "exec_date": "2017-10-25T11:52:53.847"}, {"side": "SELL", "size": 0.00498228, "sell_child_order_acceptance_id": "JRF20171025-115253-008401", "price": 623500.0, "buy_child_order_acceptance_id": "JRF20171025-205230-835165", "id": 61504403, "exec_date": "2017-10-25T11:52:53.847"}, {"side": "BUY", "size": 0.9, "sell_child_order_acceptance_id": "JRF20171025-114910-251207", "price": 623600.0, "buy_child_order_acceptance_id": "JRF20171025-115252-008813", "id": 61504401, "exec_date": "2017-10-25T11:52:53.643"}, {"side": "BUY", "size": 0.76, "sell_child_order_acceptance_id": "JRF20171025-114910-251207", "price": 623600.0, "buy_child_order_acceptance_id": "JRF20171025-115251-870549", "id": 61504393, "exec_date": "2017-10-25T11:52:53.27"}, {"side": "BUY", "size": 1.0, "sell_child_order_acceptance_id": "JRF20171025-114910-251207", "price": 623600.0, "buy_child_order_acceptance_id": "JRF20171025-205402-882071", "id": 61504389, "exec_date": "2017-10-25T11:52:53.08"}, {"side": "BUY", "size": 2.4, "sell_child_order_acceptance_id": "JRF20171025-114910-251207", "price": 623600.0, "buy_child_order_acceptance_id": "JRF20171025-205248-103392", "id": 61504388, "exec_date": "2017-10-25T11:52:52.66"}, {"side": "BUY", "size": 0.0423, "sell_child_order_acceptance_id": "JRF20171025-114910-251207", "price": 623600.0, "buy_child_order_acceptance_id": "JRF20171025-115251-638400", "id": 61504382, "exec_date": "2017-10-25T11:52:51.733"}, {"side": "BUY", "size": 0.01891583, "sell_child_order_acceptance_id": "JRF20171025-114910-251207", "price": 623600.0, "buy_child_order_acceptance_id": "JRF20171025-115249-521629", "id": 61504351, "exec_date": "2017-10-25T11:52:51.31"}, {"side": "BUY", "size": 1.2, "sell_child_order_acceptance_id": "JRF20171025-114910-251207", "price": 623600.0, "buy_child_order_acceptance_id": "JRF20171025-205248-670667", "id": 61504349, "exec_date": "2017-10-25T11:52:51.17"}, {"side": "BUY", "size": 0.4028, "sell_child_order_acceptance_id": "JRF20171025-114910-251207", "price": 623600.0, "buy_child_order_acceptance_id": "JRF20171025-115250-295537", "id": 61504348, "exec_date": "2017-10-25T11:52:51.013"}, {"side": "BUY", "size": 0.6, "sell_child_order_acceptance_id": "JRF20171025-114910-251207", "price": 623600.0, "buy_child_order_acceptance_id": "JRF20171025-205248-625816", "id": 61504343, "exec_date": "2017-10-25T11:52:50.42"}, {"side": "BUY", "size": 0.88, "sell_child_order_acceptance_id": "JRF20171025-114910-251207", "price": 623600.0, "buy_child_order_acceptance_id": "JRF20171025-115249-476640", "id": 61504340, "exec_date": "2017-10-25T11:52:50.11"}, {"side": "BUY", "size": 0.7, "sell_child_order_acceptance_id": "JRF20171025-114910-251207", "price": 623600.0, "buy_child_order_acceptance_id": "JRF20171025-115248-476638", "id": 61504337, "exec_date": "2017-10-25T11:52:49.703"}, {"side": "BUY", "size": 1.2, "sell_child_order_acceptance_id": "JRF20171025-114910-251207", "price": 623600.0, "buy_child_order_acceptance_id": "JRF20171025-205244-132460", "id": 61504336, "exec_date": "2017-10-25T11:52:49.5"}, {"side": "BUY", "size": 0.6, "sell_child_order_acceptance_id": "JRF20171025-114910-251207", "price": 623600.0, "buy_child_order_acceptance_id": "JRF20171025-205246-536115", "id": 61504335, "exec_date": "2017-10-25T11:52:49.28"}, {"side": "BUY", "size": 0.799, "sell_child_order_acceptance_id": "JRF20171025-114910-251207", "price": 623600.0, "buy_child_order_acceptance_id": "JRF20171025-115248-476636", "id": 61504334, "exec_date": "2017-10-25T11:52:49"}, {"side": "BUY", "size": 0.3651, "sell_child_order_acceptance_id": "JRF20171025-114910-251207", "price": 623600.0, "buy_child_order_acceptance_id": "JRF20171025-115246-521623", "id": 61504332, "exec_date": "2017-10-25T11:52:48.81"}, {"side": "BUY", "size": 0.6, "sell_child_order_acceptance_id": "JRF20171025-114910-251207", "price": 623600.0, "buy_child_order_acceptance_id": "JRF20171025-205243-430632", "id": 61504331, "exec_date": "2017-10-25T11:52:47.437"}, {"side": "SELL", "size": 0.009, "sell_child_order_acceptance_id": "JRF20171025-115246-009832", "price": 623529.0, "buy_child_order_acceptance_id": "JRF20171025-115246-156379", "id": 61504328, "exec_date": "2017-10-25T11:52:47.093"}, {"side": "BUY", "size": 0.8, "sell_child_order_acceptance_id": "JRF20171025-114910-251207", "price": 623600.0, "buy_child_order_acceptance_id": "JRF20171025-115246-156382", "id": 61504324, "exec_date": "2017-10-25T11:52:46.843"}, {"side": "BUY", "size": 7.26474461, "sell_child_order_acceptance_id": "JRF20171025-114910-251207", "price": 623600.0, "buy_child_order_acceptance_id": "JRF20171025-205242-135461", "id": 61504323, "exec_date": "2017-10-25T11:52:46.343"}, {"side": "BUY", "size": 0.01825539, "sell_child_order_acceptance_id": "JRF20171025-115245-638388", "price": 623599.0, "buy_child_order_acceptance_id": "JRF20171025-205242-135461", "id": 61504322, "exec_date": "2017-10-25T11:52:46.343"}, {"side": "BUY", "size": 0.017, "sell_child_order_acceptance_id": "JRF20171025-115243-521619", "price": 623545.0, "buy_child_order_acceptance_id": "JRF20171025-205242-135461", "id": 61504321, "exec_date": "2017-10-25T11:52:46.343"}, {"side": "BUY", "size": 0.68520845, "sell_child_order_acceptance_id": "JRF20171025-114910-251207", "price": 623600.0, "buy_child_order_acceptance_id": "JRF20171025-115242-521617", "id": 61504310, "exec_date": "2017-10-25T11:52:44.64"}, {"side": "BUY", "size": 0.06589155, "sell_child_order_acceptance_id": "JRF20171025-115241-351537", "price": 623599.0, "buy_child_order_acceptance_id": "JRF20171025-115242-521617", "id": 61504309, "exec_date": "2017-10-25T11:52:44.64"}, {"side": "BUY", "size": 0.0474, "sell_child_order_acceptance_id": "JRF20171025-115241-351537", "price": 623599.0, "buy_child_order_acceptance_id": "JRF20171025-115243-476626", "id": 61504305, "exec_date": "2017-10-25T11:52:44.11"}, {"side": "BUY", "size": 0.2, "sell_child_order_acceptance_id": "JRF20171025-115241-351537", "price": 623599.0, "buy_child_order_acceptance_id": "JRF20171025-115242-638383", "id": 61504298, "exec_date": "2017-10-25T11:52:43.047"}, {"side": "BUY", "size": 0.00106236, "sell_child_order_acceptance_id": "JRF20171025-115241-351537", "price": 623599.0, "buy_child_order_acceptance_id": "JRF20171025-115241-870540", "id": 61504283, "exec_date": "2017-10-25T11:52:41.903"}, {"side": "BUY", "size": 0.5, "sell_child_order_acceptance_id": "JRF20171025-114910-251207", "price": 623600.0, "buy_child_order_acceptance_id": "JRF20171025-115241-295528", "id": 61504278, "exec_date": "2017-10-25T11:52:41.81"}, {"side": "BUY", "size": 0.5, "sell_child_order_acceptance_id": "JRF20171025-114910-251207", "price": 623600.0, "buy_child_order_acceptance_id": "JRF20171025-115239-521615", "id": 61504270, "exec_date": "2017-10-25T11:52:41.14"}, {"side": "BUY", "size": 0.68484551, "sell_child_order_acceptance_id": "JRF20171025-114910-251207", "price": 623600.0, "buy_child_order_acceptance_id": "JRF20171025-205348-911987", "id": 61504261, "exec_date": "2017-10-25T11:52:39.89"}, {"side": "BUY", "size": 0.31515449, "sell_child_order_acceptance_id": "JRF20171025-115238-351535", "price": 623599.0, "buy_child_order_acceptance_id": "JRF20171025-205348-911987", "id": 61504260, "exec_date": "2017-10-25T11:52:39.89"}, {"side": "SELL", "size": 0.00199928, "sell_child_order_acceptance_id": "JRF20171025-115235-008796", "price": 623226.0, "buy_child_order_acceptance_id": "JRF20171025-115235-476607", "id": 61504241, "exec_date": "2017-10-25T11:52:37.233"}, {"side": "BUY", "size": 0.003, "sell_child_order_acceptance_id": "JRF20171025-115233-638370", "price": 623597.0, "buy_child_order_acceptance_id": "JRF20171025-115235-008338", "id": 61504237, "exec_date": "2017-10-25T11:52:36.463"}, {"side": "SELL", "size": 0.38, "sell_child_order_acceptance_id": "JRF20171025-115233-156356", "price": 623291.0, "buy_child_order_acceptance_id": "JRF20171025-115227-638365", "id": 61504235, "exec_date": "2017-10-25T11:52:35.183"}, {"side": "BUY", "size": 0.00106654, "sell_child_order_acceptance_id": "JRF20171025-205225-241245", "price": 623599.0, "buy_child_order_acceptance_id": "JRF20171025-115227-521590", "id": 61504217, "exec_date": "2017-10-25T11:52:34.45"}, {"side": "BUY", "size": 0.11112756, "sell_child_order_acceptance_id": "JRF20171025-205225-241245", "price": 623599.0, "buy_child_order_acceptance_id": "JRF20171025-115227-476596", "id": 61504216, "exec_date": "2017-10-25T11:52:34.213"}, {"side": "BUY", "size": 0.05577246, "sell_child_order_acceptance_id": "JRF20171025-115225-295510", "price": 623598.0, "buy_child_order_acceptance_id": "JRF20171025-115227-476596", "id": 61504215, "exec_date": "2017-10-25T11:52:34.213"}, {"side": "BUY", "size": 0.25609998, "sell_child_order_acceptance_id": "JRF20171025-115223-295508", "price": 623598.0, "buy_child_order_acceptance_id": "JRF20171025-115227-476596", "id": 61504214, "exec_date": "2017-10-25T11:52:34.213"}, {"side": "BUY", "size": 0.01190002, "sell_child_order_acceptance_id": "JRF20171025-115223-295508", "price": 623598.0, "buy_child_order_acceptance_id": "JRF20171025-115227-720908", "id": 61504213, "exec_date": "2017-10-25T11:52:34.107"}, {"side": "BUY", "size": 0.01, "sell_child_order_acceptance_id": "JRF20171025-205232-581326", "price": 623463.0, "buy_child_order_acceptance_id": "JRF20171025-115227-720908", "id": 61504212, "exec_date": "2017-10-25T11:52:34.107"}, {"side": "SELL", "size": 0.001, "sell_child_order_acceptance_id": "JRF20171025-205141-784406", "price": 623225.0, "buy_child_order_acceptance_id": "JRF20171025-115225-476593", "id": 61504211, "exec_date": "2017-10-25T11:52:33.653"}, {"side": "SELL", "size": 0.93216174, "sell_child_order_acceptance_id": "JRF20171025-205222-940576", "price": 623290.0, "buy_child_order_acceptance_id": "JRF20171025-115218-008207", "id": 61504210, "exec_date": "2017-10-25T11:52:26.383"}, {"side": "SELL", "size": 0.799, "sell_child_order_acceptance_id": "JRF20171025-115223-476590", "price": 623290.0, "buy_child_order_acceptance_id": "JRF20171025-115218-008207", "id": 61504159, "exec_date": "2017-10-25T11:52:24.223"}, {"side": "BUY", "size": 0.12200058, "sell_child_order_acceptance_id": "JRF20171025-205156-144862", "price": 623599.0, "buy_child_order_acceptance_id": "JRF20171025-115223-720905", "id": 61504148, "exec_date": "2017-10-25T11:52:23.413"}, {"side": "BUY", "size": 0.5, "sell_child_order_acceptance_id": "JRF20171025-115222-295507", "price": 623463.0, "buy_child_order_acceptance_id": "JRF20171025-115222-008318", "id": 61504147, "exec_date": "2017-10-25T11:52:22.77"}, {"side": "SELL", "size": 0.8, "sell_child_order_acceptance_id": "JRF20171025-115222-476586", "price": 623290.0, "buy_child_order_acceptance_id": "JRF20171025-115218-008207", "id": 61504141, "exec_date": "2017-10-25T11:52:22.46"}, {"side": "BUY", "size": 0.09501005, "sell_child_order_acceptance_id": "JRF20171025-115216-521569", "price": 623329.0, "buy_child_order_acceptance_id": "JRF20171025-115220-156344", "id": 61504137, "exec_date": "2017-10-25T11:52:21.437"}, {"side": "BUY", "size": 0.00308286, "sell_child_order_acceptance_id": "JRF20171025-115216-521569", "price": 623329.0, "buy_child_order_acceptance_id": "JRF20171025-115220-720897", "id": 61504136, "exec_date": "2017-10-25T11:52:21.343"}, {"side": "BUY", "size": 0.46883826, "sell_child_order_acceptance_id": "JRF20171025-205215-967149", "price": 623288.0, "buy_child_order_acceptance_id": "JRF20171025-115218-008207", "id": 61504111, "exec_date": "2017-10-25T11:52:18.753"}, {"side": "BUY", "size": 0.00116174, "sell_child_order_acceptance_id": "JRF20171025-205215-967149", "price": 623288.0, "buy_child_order_acceptance_id": "JRF20171025-115217-720894", "id": 61504109, "exec_date": "2017-10-25T11:52:17.99"}, {"side": "SELL", "size": 0.681, "sell_child_order_acceptance_id": "JRF20171025-115216-007236", "price": 623016.0, "buy_child_order_acceptance_id": "JRF20171025-115214-008183", "id": 61504107, "exec_date": "2017-10-25T11:52:17.27"}, {"side": "SELL", "size": 0.13, "sell_child_order_acceptance_id": "JRF20171025-205215-967149", "price": 623290.0, "buy_child_order_acceptance_id": "JRF20171025-115216-253775", "id": 61504106, "exec_date": "2017-10-25T11:52:17.177"}, {"side": "BUY", "size": 0.6, "sell_child_order_acceptance_id": "JRF20171025-205214-922298", "price": 623289.0, "buy_child_order_acceptance_id": "JRF20171025-115216-253775", "id": 61504094, "exec_date": "2017-10-25T11:52:16.55"}, {"side": "BUY", "size": 0.27, "sell_child_order_acceptance_id": "JRF20171025-115214-008771", "price": 623289.0, "buy_child_order_acceptance_id": "JRF20171025-115216-253775", "id": 61504093, "exec_date": "2017-10-25T11:52:16.55"}, {"side": "BUY", "size": 0.3, "sell_child_order_acceptance_id": "JRF20171025-114910-251106", "price": 623290.0, "buy_child_order_acceptance_id": "JRF20171025-205206-260101", "id": 61504090, "exec_date": "2017-10-25T11:52:15.49"}, {"side": "BUY", "size": 0.6, "sell_child_order_acceptance_id": "JRF20171025-205212-249539", "price": 623289.0, "buy_child_order_acceptance_id": "JRF20171025-205206-260101", "id": 61504089, "exec_date": "2017-10-25T11:52:15.49"}, {"side": "BUY", "size": 0.0127, "sell_child_order_acceptance_id": "JRF20171025-114910-251106", "price": 623290.0, "buy_child_order_acceptance_id": "JRF20171025-115213-295491", "id": 61504086, "exec_date": "2017-10-25T11:52:13.863"}, {"side": "BUY", "size": 0.0010716, "sell_child_order_acceptance_id": "JRF20171025-114910-251106", "price": 623290.0, "buy_child_order_acceptance_id": "JRF20171025-115211-521558", "id": 61504079, "exec_date": "2017-10-25T11:52:12.833"}, {"side": "BUY", "size": 0.32582855, "sell_child_order_acceptance_id": "JRF20171025-205202-901524", "price": 623289.0, "buy_child_order_acceptance_id": "JRF20171025-115212-156333", "id": 61504065, "exec_date": "2017-10-25T11:52:12.287"}, {"side": "BUY", "size": 0.2788623, "sell_child_order_acceptance_id": "JRF20171025-115208-008767", "price": 623288.0, "buy_child_order_acceptance_id": "JRF20171025-115212-156333", "id": 61504064, "exec_date": "2017-10-25T11:52:12.287"}, {"side": "BUY", "size": 0.00320917, "sell_child_order_acceptance_id": "JRF20171025-111708-517155", "price": 623116.0, "buy_child_order_acceptance_id": "JRF20171025-115212-156333", "id": 61504063, "exec_date": "2017-10-25T11:52:12.287"}, {"side": "BUY", "size": 0.00199998, "sell_child_order_acceptance_id": "JRF20171025-115211-042603", "price": 623016.0, "buy_child_order_acceptance_id": "JRF20171025-115212-156333", "id": 61504062, "exec_date": "2017-10-25T11:52:12.287"}, {"side": "SELL", "size": 0.095, "sell_child_order_acceptance_id": "JRF20171025-115210-156331", "price": 623016.0, "buy_child_order_acceptance_id": "JRF20171025-115206-638339", "id": 61504048, "exec_date": "2017-10-25T11:52:10.583"}, {"side": "BUY", "size": 0.005, "sell_child_order_acceptance_id": "JRF20171025-111712-715180", "price": 623016.0, "buy_child_order_acceptance_id": "JRF20171025-115206-638339", "id": 61504041, "exec_date": "2017-10-25T11:52:06.857"}, {"side": "BUY", "size": 0.46285303, "sell_child_order_acceptance_id": "JRF20171025-115205-295481", "price": 622893.0, "buy_child_order_acceptance_id": "JRF20171025-115206-295482", "id": 61504039, "exec_date": "2017-10-25T11:52:06.64"}, {"side": "SELL", "size": 0.6166, "sell_child_order_acceptance_id": "JRF20171025-115205-295481", "price": 622893.0, "buy_child_order_acceptance_id": "JRF20171025-115159-295476", "id": 61504038, "exec_date": "2017-10-25T11:52:06.373"}, {"side": "SELL", "size": 0.45710064, "sell_child_order_acceptance_id": "JRF20171025-115205-295481", "price": 622894.0, "buy_child_order_acceptance_id": "JRF20171025-115202-476554", "id": 61504037, "exec_date": "2017-10-25T11:52:06.373"}, {"side": "BUY", "size": 0.2777, "sell_child_order_acceptance_id": "JRF20171025-115042-252303", "price": 623010.0, "buy_child_order_acceptance_id": "JRF20171025-205201-539406", "id": 61504035, "exec_date": "2017-10-25T11:52:05.343"}, {"side": "BUY", "size": 0.2223, "sell_child_order_acceptance_id": "JRF20171025-115202-521545", "price": 622989.0, "buy_child_order_acceptance_id": "JRF20171025-205201-539406", "id": 61504034, "exec_date": "2017-10-25T11:52:05.343"}, {"side": "BUY", "size": 0.0777, "sell_child_order_acceptance_id": "JRF20171025-115202-521545", "price": 622989.0, "buy_child_order_acceptance_id": "JRF20171025-115204-295479", "id": 61504030, "exec_date": "2017-10-25T11:52:04.637"}, {"side": "BUY", "size": 0.2, "sell_child_order_acceptance_id": "JRF20171025-115202-521545", "price": 622989.0, "buy_child_order_acceptance_id": "JRF20171025-115202-008759", "id": 61504029, "exec_date": "2017-10-25T11:52:03.823"}, {"side": "BUY", "size": 0.7472, "sell_child_order_acceptance_id": "JRF20171025-115042-252303", "price": 623010.0, "buy_child_order_acceptance_id": "JRF20171025-205159-970672", "id": 61504024, "exec_date": "2017-10-25T11:52:02.23"}, {"side": "BUY", "size": 0.7528, "sell_child_order_acceptance_id": "JRF20171025-115201-521544", "price": 623009.0, "buy_child_order_acceptance_id": "JRF20171025-205159-970672", "id": 61504023, "exec_date": "2017-10-25T11:52:02.23"}, {"side": "BUY", "size": 0.5, "sell_child_order_acceptance_id": "JRF20171025-115158-521539", "price": 622969.0, "buy_child_order_acceptance_id": "JRF20171025-205159-970672", "id": 61504022, "exec_date": "2017-10-25T11:52:02.23"}, {"side": "BUY", "size": 0.01, "sell_child_order_acceptance_id": "JRF20171025-205153-632125", "price": 622662.0, "buy_child_order_acceptance_id": "JRF20171025-115159-295476", "id": 61504012, "exec_date": "2017-10-25T11:51:59.503"}, {"side": "BUY", "size": 0.15256797, "sell_child_order_acceptance_id": "JRF20171025-115155-720868", "price": 622905.0, "buy_child_order_acceptance_id": "JRF20171025-115158-008753", "id": 61504005, "exec_date": "2017-10-25T11:51:59.223"}, {"side": "BUY", "size": 0.005, "sell_child_order_acceptance_id": "JRF20171025-111718-151571", "price": 622848.0, "buy_child_order_acceptance_id": "JRF20171025-115158-008753", "id": 61504004, "exec_date": "2017-10-25T11:51:59.223"}, {"side": "BUY", "size": 0.55163203, "sell_child_order_acceptance_id": "JRF20171025-115040-008560", "price": 622662.0, "buy_child_order_acceptance_id": "JRF20171025-115158-008753", "id": 61504003, "exec_date": "2017-10-25T11:51:59.223"}, {"side": "BUY", "size": 0.32, "sell_child_order_acceptance_id": "JRF20171025-115040-008560", "price": 622662.0, "buy_child_order_acceptance_id": "JRF20171025-205157-585655", "id": 61504002, "exec_date": "2017-10-25T11:51:58.787"}, {"side": "BUY", "size": 0.6, "sell_child_order_acceptance_id": "JRF20171025-115040-008560", "price": 622662.0, "buy_child_order_acceptance_id": "JRF20171025-205157-131576", "id": 61503999, "exec_date": "2017-10-25T11:51:58.66"}, {"side": "BUY", "size": 0.01, "sell_child_order_acceptance_id": "JRF20171025-115040-008560", "price": 622662.0, "buy_child_order_acceptance_id": "JRF20171025-115157-008751", "id": 61503997, "exec_date": "2017-10-25T11:51:58.207"}, {"side": "BUY", "size": 0.50010002, "sell_child_order_acceptance_id": "JRF20171025-115040-008560", "price": 622662.0, "buy_child_order_acceptance_id": "JRF20171025-115155-008748", "id": 61503996, "exec_date": "2017-10-25T11:51:57.393"}, {"side": "BUY", "size": 0.6, "sell_child_order_acceptance_id": "JRF20171025-115040-008560", "price": 622662.0, "buy_child_order_acceptance_id": "JRF20171025-205156-173930", "id": 61503994, "exec_date": "2017-10-25T11:51:57.19"}, {"side": "SELL", "size": 0.5, "sell_child_order_acceptance_id": "JRF20171025-205148-665589", "price": 622597.0, "buy_child_order_acceptance_id": "JRF20171025-115151-521526", "id": 61503991, "exec_date": "2017-10-25T11:51:56.143"}, {"side": "BUY", "size": 0.00107663, "sell_child_order_acceptance_id": "JRF20171025-115040-008560", "price": 622662.0, "buy_child_order_acceptance_id": "JRF20171025-115154-870517", "id": 61503989, "exec_date": "2017-10-25T11:51:55.313"}, {"side": "SELL", "size": 0.00199988, "sell_child_order_acceptance_id": "JRF20171025-115152-521527", "price": 622597.0, "buy_child_order_acceptance_id": "JRF20171025-205149-419763", "id": 61503988, "exec_date": "2017-10-25T11:51:53.797"}, {"side": "BUY", "size": 0.008, "sell_child_order_acceptance_id": "JRF20171025-115040-008560", "price": 622662.0, "buy_child_order_acceptance_id": "JRF20171025-115152-009704", "id": 61503986, "exec_date": "2017-10-25T11:51:53.063"}, {"side": "BUY", "size": 0.6, "sell_child_order_acceptance_id": "JRF20171025-115040-008560", "price": 622662.0, "buy_child_order_acceptance_id": "JRF20171025-205146-847495", "id": 61503977, "exec_date": "2017-10-25T11:51:51.653"}, {"side": "BUY", "size": 0.0013, "sell_child_order_acceptance_id": "JRF20171025-115040-008560", "price": 622662.0, "buy_child_order_acceptance_id": "JRF20171025-205145-652596", "id": 61503974, "exec_date": "2017-10-25T11:51:51.547"}, {"side": "BUY", "size": 0.1421, "sell_child_order_acceptance_id": "JRF20171025-115040-008560", "price": 622662.0, "buy_child_order_acceptance_id": "JRF20171025-115150-295464", "id": 61503970, "exec_date": "2017-10-25T11:51:50.687"}, {"side": "SELL", "size": 0.2, "sell_child_order_acceptance_id": "JRF20171025-115149-009673", "price": 622595.0, "buy_child_order_acceptance_id": "JRF20171025-115146-156298", "id": 61503962, "exec_date": "2017-10-25T11:51:49.873"}, {"side": "SELL", "size": 0.5, "sell_child_order_acceptance_id": "JRF20171025-115149-009673", "price": 622595.0, "buy_child_order_acceptance_id": "JRF20171025-115144-351500", "id": 61503961, "exec_date": "2017-10-25T11:51:49.873"}, {"side": "SELL", "size": 0.99, "sell_child_order_acceptance_id": "JRF20171025-115149-009673", "price": 622596.0, "buy_child_order_acceptance_id": "JRF20171025-115148-295461", "id": 61503960, "exec_date": "2017-10-25T11:51:49.873"}, {"side": "BUY", "size": 0.00108132, "sell_child_order_acceptance_id": "JRF20171025-115040-008560", "price": 622662.0, "buy_child_order_acceptance_id": "JRF20171025-115145-042590", "id": 61503928, "exec_date": "2017-10-25T11:51:45.96"}, {"side": "BUY", "size": 1.0, "sell_child_order_acceptance_id": "JRF20171025-115040-008560", "price": 622662.0, "buy_child_order_acceptance_id": "JRF20171025-115145-253275", "id": 61503924, "exec_date": "2017-10-25T11:51:45.627"}, {"side": "BUY", "size": 0.01, "sell_child_order_acceptance_id": "JRF20171025-115040-008560", "price": 622662.0, "buy_child_order_acceptance_id": "JRF20171025-115144-008240", "id": 61503920, "exec_date": "2017-10-25T11:51:45.283"}, {"side": "BUY", "size": 1.0, "sell_child_order_acceptance_id": "JRF20171025-115040-008560", "price": 622662.0, "buy_child_order_acceptance_id": "JRF20171025-115144-007207", "id": 61503916, "exec_date": "2017-10-25T11:51:44.7"}, {"side": "BUY", "size": 0.2, "sell_child_order_acceptance_id": "JRF20171025-115040-008560", "price": 622662.0, "buy_child_order_acceptance_id": "JRF20171025-115143-295457", "id": 61503915, "exec_date": "2017-10-25T11:51:44.45"}, {"side": "SELL", "size": 0.001, "sell_child_order_acceptance_id": "JRF20171025-205056-595081", "price": 622357.0, "buy_child_order_acceptance_id": "JRF20171025-115142-476509", "id": 61503905, "exec_date": "2017-10-25T11:51:43.357"}, {"side": "BUY", "size": 0.5, "sell_child_order_acceptance_id": "JRF20171025-115040-008560", "price": 622662.0, "buy_child_order_acceptance_id": "JRF20171025-115141-008138", "id": 61503897, "exec_date": "2017-10-25T11:51:42.463"}, {"side": "BUY", "size": 0.2, "sell_child_order_acceptance_id": "JRF20171025-115040-008560", "price": 622662.0, "buy_child_order_acceptance_id": "JRF20171025-115141-156294", "id": 61503895, "exec_date": "2017-10-25T11:51:42.23"}, {"side": "BUY", "size": 0.0221, "sell_child_order_acceptance_id": "JRF20171025-115040-008560", "price": 622662.0, "buy_child_order_acceptance_id": "JRF20171025-115141-720857", "id": 61503894, "exec_date": "2017-10-25T11:51:42.073"}, {"side": "BUY", "size": 0.1698, "sell_child_order_acceptance_id": "JRF20171025-115040-008560", "price": 622662.0, "buy_child_order_acceptance_id": "JRF20171025-115140-476506", "id": 61503888, "exec_date": "2017-10-25T11:51:41.153"}, {"side": "BUY", "size": 0.0819, "sell_child_order_acceptance_id": "JRF20171025-115040-008560", "price": 622662.0, "buy_child_order_acceptance_id": "JRF20171025-115140-295454", "id": 61503887, "exec_date": "2017-10-25T11:51:41.06"}, {"side": "BUY", "size": 0.1181, "sell_child_order_acceptance_id": "JRF20171025-115140-295452", "price": 622588.0, "buy_child_order_acceptance_id": "JRF20171025-115140-295454", "id": 61503886, "exec_date": "2017-10-25T11:51:41.06"}, {"side": "BUY", "size": 0.0364, "sell_child_order_acceptance_id": "JRF20171025-115040-008560", "price": 622662.0, "buy_child_order_acceptance_id": "JRF20171025-115138-638314", "id": 61503873, "exec_date": "2017-10-25T11:51:39.173"}, {"side": "BUY", "size": 0.2, "sell_child_order_acceptance_id": "JRF20171025-115040-008560", "price": 622662.0, "buy_child_order_acceptance_id": "JRF20171025-115137-156287", "id": 61503867, "exec_date": "2017-10-25T11:51:37.797"}, {"side": "BUY", "size": 0.44451, "sell_child_order_acceptance_id": "JRF20171025-115040-008560", "price": 622662.0, "buy_child_order_acceptance_id": "JRF20171025-205134-021906", "id": 61503865, "exec_date": "2017-10-25T11:51:36.09"}, {"side": "BUY", "size": 0.15549, "sell_child_order_acceptance_id": "JRF20171025-115134-295443", "price": 622588.0, "buy_child_order_acceptance_id": "JRF20171025-205134-021906", "id": 61503864, "exec_date": "2017-10-25T11:51:36.09"}, {"side": "BUY", "size": 0.0098, "sell_child_order_acceptance_id": "JRF20171025-115134-295443", "price": 622588.0, "buy_child_order_acceptance_id": "JRF20171025-115133-008723", "id": 61503850, "exec_date": "2017-10-25T11:51:35.01"}, {"side": "BUY", "size": 0.0166, "sell_child_order_acceptance_id": "JRF20171025-115127-476491", "price": 622588.0, "buy_child_order_acceptance_id": "JRF20171025-115133-720847", "id": 61503848, "exec_date": "2017-10-25T11:51:34.137"}, {"side": "BUY", "size": 0.14, "sell_child_order_acceptance_id": "JRF20171025-115127-476491", "price": 622588.0, "buy_child_order_acceptance_id": "JRF20171025-115132-476496", "id": 61503845, "exec_date": "2017-10-25T11:51:33.23"}, {"side": "BUY", "size": 0.070014, "sell_child_order_acceptance_id": "JRF20171025-115128-156270", "price": 622543.0, "buy_child_order_acceptance_id": "JRF20171025-115130-720842", "id": 61503840, "exec_date": "2017-10-25T11:51:31.307"}, {"side": "BUY", "size": 0.09983007, "sell_child_order_acceptance_id": "JRF20171025-115128-156270", "price": 622543.0, "buy_child_order_acceptance_id": "JRF20171025-115130-156274", "id": 61503839, "exec_date": "2017-10-25T11:51:31.073"}, {"side": "BUY", "size": 0.06996605, "sell_child_order_acceptance_id": "JRF20171025-205125-566159", "price": 622098.0, "buy_child_order_acceptance_id": "JRF20171025-115130-156274", "id": 61503838, "exec_date": "2017-10-25T11:51:31.073"}, {"side": "BUY", "size": 0.09979612, "sell_child_order_acceptance_id": "JRF20171025-205125-566159", "price": 622098.0, "buy_child_order_acceptance_id": "JRF20171025-115129-042587", "id": 61503837, "exec_date": "2017-10-25T11:51:30.9"}, {"side": "BUY", "size": 0.07, "sell_child_order_acceptance_id": "JRF20171025-115130-007194", "price": 622056.0, "buy_child_order_acceptance_id": "JRF20171025-115129-042587", "id": 61503836, "exec_date": "2017-10-25T11:51:30.9"}, {"side": "BUY", "size": 0.00108617, "sell_child_order_acceptance_id": "JRF20171025-115121-295429", "price": 622600.0, "buy_child_order_acceptance_id": "JRF20171025-115126-720835", "id": 61503827, "exec_date": "2017-10-25T11:51:26.853"}, {"side": "BUY", "size": 0.02268878, "sell_child_order_acceptance_id": "JRF20171025-115121-295429", "price": 622600.0, "buy_child_order_acceptance_id": "JRF20171025-115126-638290", "id": 61503826, "exec_date": "2017-10-25T11:51:26.54"}, {"side": "BUY", "size": 0.01827979, "sell_child_order_acceptance_id": "JRF20171025-115044-295236", "price": 622548.0, "buy_child_order_acceptance_id": "JRF20171025-115126-638290", "id": 61503825, "exec_date": "2017-10-25T11:51:26.54"}, {"side": "BUY", "size": 0.18903143, "sell_child_order_acceptance_id": "JRF20171025-115116-252600", "price": 622520.0, "buy_child_order_acceptance_id": "JRF20171025-115126-638290", "id": 61503824, "exec_date": "2017-10-25T11:51:26.54"}, {"side": "BUY", "size": 2.31096857, "sell_child_order_acceptance_id": "JRF20171025-115116-252600", "price": 622520.0, "buy_child_order_acceptance_id": "JRF20171025-205123-850860", "id": 61503822, "exec_date": "2017-10-25T11:51:25.943"}, {"side": "BUY", "size": 0.11449681, "sell_child_order_acceptance_id": "JRF20171025-115125-638288", "price": 622519.0, "buy_child_order_acceptance_id": "JRF20171025-205123-850860", "id": 61503821, "exec_date": "2017-10-25T11:51:25.943"}, {"side": "BUY", "size": 0.002, "sell_child_order_acceptance_id": "JRF20171025-205101-743209", "price": 622450.0, "buy_child_order_acceptance_id": "JRF20171025-205123-850860", "id": 61503820, "exec_date": "2017-10-25T11:51:25.943"}, {"side": "BUY", "size": 0.01828109, "sell_child_order_acceptance_id": "JRF20171025-115044-476301", "price": 622448.0, "buy_child_order_acceptance_id": "JRF20171025-205123-850860", "id": 61503819, "exec_date": "2017-10-25T11:51:25.943"}, {"side": "BUY", "size": 0.01, "sell_child_order_acceptance_id": "JRF20171025-115034-007110", "price": 622444.0, "buy_child_order_acceptance_id": "JRF20171025-205123-850860", "id": 61503818, "exec_date": "2017-10-25T11:51:25.943"}, {"side": "BUY", "size": 0.2, "sell_child_order_acceptance_id": "JRF20171025-115010-008088", "price": 622444.0, "buy_child_order_acceptance_id": "JRF20171025-205123-850860", "id": 61503817, "exec_date": "2017-10-25T11:51:25.943"}, {"side": "BUY", "size": 0.1, "sell_child_order_acceptance_id": "JRF20171025-205053-575760", "price": 622267.0, "buy_child_order_acceptance_id": "JRF20171025-205123-850860", "id": 61503816, "exec_date": "2017-10-25T11:51:25.943"}, {"side": "BUY", "size": 0.04425353, "sell_child_order_acceptance_id": "JRF20171025-205003-663255", "price": 622250.0, "buy_child_order_acceptance_id": "JRF20171025-205123-850860", "id": 61503815, "exec_date": "2017-10-25T11:51:25.943"}, {"side": "BUY", "size": 0.00463912, "sell_child_order_acceptance_id": "JRF20171025-205003-663255", "price": 622250.0, "buy_child_order_acceptance_id": "JRF20171025-115125-295436", "id": 61503813, "exec_date": "2017-10-25T11:51:25.6"}, {"side": "BUY", "size": 0.01656088, "sell_child_order_acceptance_id": "JRF20171025-115117-295413", "price": 622248.0, "buy_child_order_acceptance_id": "JRF20171025-115125-295436", "id": 61503812, "exec_date": "2017-10-25T11:51:25.6"}, {"side": "BUY", "size": 0.09018031, "sell_child_order_acceptance_id": "JRF20171025-115123-009584", "price": 622048.0, "buy_child_order_acceptance_id": "JRF20171025-115125-720833", "id": 61503810, "exec_date": "2017-10-25T11:51:25.327"}, {"side": "SELL", "size": 0.09, "sell_child_order_acceptance_id": "JRF20171025-115123-009584", "price": 622048.0, "buy_child_order_acceptance_id": "JRF20171025-115059-008120", "id": 61503806, "exec_date": "2017-10-25T11:51:23.967"}, {"side": "SELL", "size": 0.01981969, "sell_child_order_acceptance_id": "JRF20171025-115123-009584", "price": 622098.0, "buy_child_order_acceptance_id": "JRF20171025-115121-007172", "id": 61503805, "exec_date": "2017-10-25T11:51:23.967"}, {"side": "BUY", "size": 0.00171971, "sell_child_order_acceptance_id": "JRF20171025-115117-295413", "price": 622248.0, "buy_child_order_acceptance_id": "JRF20171025-115121-720830", "id": 61503790, "exec_date": "2017-10-25T11:51:22.157"}, {"side": "BUY", "size": 0.01828029, "sell_child_order_acceptance_id": "JRF20171025-115043-476300", "price": 622148.0, "buy_child_order_acceptance_id": "JRF20171025-115121-720830", "id": 61503789, "exec_date": "2017-10-25T11:51:22.157"}, {"side": "BUY", "size": 0.00018031, "sell_child_order_acceptance_id": "JRF20171025-115110-008154", "price": 622098.0, "buy_child_order_acceptance_id": "JRF20171025-115121-007172", "id": 61503788, "exec_date": "2017-10-25T11:51:22.063"}, {"side": "BUY", "size": 0.00199978, "sell_child_order_acceptance_id": "JRF20171025-115110-008154", "price": 622098.0, "buy_child_order_acceptance_id": "JRF20171025-115121-476479", "id": 61503787, "exec_date": "2017-10-25T11:51:21.967"}, {"side": "SELL", "size": 0.01, "sell_child_order_acceptance_id": "JRF20171025-205116-687146", "price": 622048.0, "buy_child_order_acceptance_id": "JRF20171025-115059-008120", "id": 61503785, "exec_date": "2017-10-25T11:51:20.78"}, {"side": "BUY", "size": 0.00081991, "sell_child_order_acceptance_id": "JRF20171025-115110-008154", "price": 622098.0, "buy_child_order_acceptance_id": "JRF20171025-115119-008693", "id": 61503784, "exec_date": "2017-10-25T11:51:20.593"}, {"side": "BUY", "size": 0.01828009, "sell_child_order_acceptance_id": "JRF20171025-115102-351439", "price": 622098.0, "buy_child_order_acceptance_id": "JRF20171025-115119-008693", "id": 61503783, "exec_date": "2017-10-25T11:51:20.593"}, {"side": "BUY", "size": 0.50395335, "sell_child_order_acceptance_id": "JRF20171025-115021-009438", "price": 622056.0, "buy_child_order_acceptance_id": "JRF20171025-205111-151466", "id": 61503748, "exec_date": "2017-10-25T11:51:14.167"}, {"side": "BUY", "size": 0.32, "sell_child_order_acceptance_id": "JRF20171025-115021-009438", "price": 622056.0, "buy_child_order_acceptance_id": "JRF20171025-205111-559616", "id": 61503747, "exec_date": "2017-10-25T11:51:13.697"}, {"side": "BUY", "size": 0.00109092, "sell_child_order_acceptance_id": "JRF20171025-115021-009438", "price": 622056.0, "buy_child_order_acceptance_id": "JRF20171025-115112-870502", "id": 61503746, "exec_date": "2017-10-25T11:51:13.413"}, {"side": "BUY", "size": 0.6, "sell_child_order_acceptance_id": "JRF20171025-115021-009438", "price": 622056.0, "buy_child_order_acceptance_id": "JRF20171025-205108-882361", "id": 61503743, "exec_date": "2017-10-25T11:51:11.553"}, {"side": "BUY", "size": 0.00031585, "sell_child_order_acceptance_id": "JRF20171025-115021-009438", "price": 622056.0, "buy_child_order_acceptance_id": "JRF20171025-115111-638223", "id": 61503741, "exec_date": "2017-10-25T11:51:11.333"}, {"side": "BUY", "size": 0.07048415, "sell_child_order_acceptance_id": "JRF20171025-115103-476340", "price": 622055.0, "buy_child_order_acceptance_id": "JRF20171025-115111-638223", "id": 61503740, "exec_date": "2017-10-25T11:51:11.333"}, {"side": "SELL", "size": 0.2, "sell_child_order_acceptance_id": "JRF20171025-115107-008148", "price": 622048.0, "buy_child_order_acceptance_id": "JRF20171025-115059-008120", "id": 61503734, "exec_date": "2017-10-25T11:51:07.897"}, {"side": "BUY", "size": 0.00199988, "sell_child_order_acceptance_id": "JRF20171025-115103-476340", "price": 622055.0, "buy_child_order_acceptance_id": "JRF20171025-115105-156129", "id": 61503732, "exec_date": "2017-10-25T11:51:06.783"}, {"side": "BUY", "size": 0.40751597, "sell_child_order_acceptance_id": "JRF20171025-115103-476340", "price": 622055.0, "buy_child_order_acceptance_id": "JRF20171025-115104-295277", "id": 61503724, "exec_date": "2017-10-25T11:51:04.44"}, {"side": "BUY", "size": 0.09248403, "sell_child_order_acceptance_id": "JRF20171025-115059-521367", "price": 622055.0, "buy_child_order_acceptance_id": "JRF20171025-115104-295277", "id": 61503723, "exec_date": "2017-10-25T11:51:04.44"}, {"side": "BUY", "size": 0.00109495, "sell_child_order_acceptance_id": "JRF20171025-115021-009438", "price": 622056.0, "buy_child_order_acceptance_id": "JRF20171025-115053-638140", "id": 61503696, "exec_date": "2017-10-25T11:50:55.097"}, {"side": "BUY", "size": 0.21524529, "sell_child_order_acceptance_id": "JRF20171025-115021-009438", "price": 622056.0, "buy_child_order_acceptance_id": "JRF20171025-115053-156078", "id": 61503683, "exec_date": "2017-10-25T11:50:54.38"}, {"side": "BUY", "size": 0.039, "sell_child_order_acceptance_id": "JRF20171025-115021-009438", "price": 622056.0, "buy_child_order_acceptance_id": "JRF20171025-115053-720640", "id": 61503681, "exec_date": "2017-10-25T11:50:53.55"}, {"side": "BUY", "size": 0.76, "sell_child_order_acceptance_id": "JRF20171025-115050-521361", "price": 622054.0, "buy_child_order_acceptance_id": "JRF20171025-115053-720640", "id": 61503680, "exec_date": "2017-10-25T11:50:53.55"}, {"side": "BUY", "size": 0.31929964, "sell_child_order_acceptance_id": "JRF20171025-115021-009438", "price": 622056.0, "buy_child_order_acceptance_id": "JRF20171025-115052-720636", "id": 61503679, "exec_date": "2017-10-25T11:50:52.36"}, {"side": "BUY", "size": 0.46242017, "sell_child_order_acceptance_id": "JRF20171025-115047-351427", "price": 622055.0, "buy_child_order_acceptance_id": "JRF20171025-115052-720636", "id": 61503678, "exec_date": "2017-10-25T11:50:52.36"}, {"side": "BUY", "size": 0.01828019, "sell_child_order_acceptance_id": "JRF20171025-115043-295235", "price": 622043.0, "buy_child_order_acceptance_id": "JRF20171025-115052-720636", "id": 61503677, "exec_date": "2017-10-25T11:50:52.36"}, {"side": "BUY", "size": 0.00109952, "sell_child_order_acceptance_id": "JRF20171025-115036-295223", "price": 622048.0, "buy_child_order_acceptance_id": "JRF20171025-115041-521346", "id": 61503610, "exec_date": "2017-10-25T11:50:42.947"}, {"side": "SELL", "size": 0.22702745, "sell_child_order_acceptance_id": "JRF20171025-205035-030387", "price": 621800.0, "buy_child_order_acceptance_id": "JRF20171025-115022-009449", "id": 61503590, "exec_date": "2017-10-25T11:50:37.943"}, {"side": "SELL", "size": 0.001, "sell_child_order_acceptance_id": "JRF20171025-205035-030387", "price": 621800.0, "buy_child_order_acceptance_id": "JRF20171025-205001-250357", "id": 61503589, "exec_date": "2017-10-25T11:50:37.943"}, {"side": "SELL", "size": 1.8, "sell_child_order_acceptance_id": "JRF20171025-205035-030387", "price": 621842.0, "buy_child_order_acceptance_id": "JRF20171025-115027-638096", "id": 61503588, "exec_date": "2017-10-25T11:50:37.943"}, {"side": "SELL", "size": 0.0815021, "sell_child_order_acceptance_id": "JRF20171025-205035-030387", "price": 621843.0, "buy_child_order_acceptance_id": "JRF20171025-115029-295211", "id": 61503587, "exec_date": "2017-10-25T11:50:37.943"}, {"side": "SELL", "size": 0.69047045, "sell_child_order_acceptance_id": "JRF20171025-205035-030387", "price": 621856.0, "buy_child_order_acceptance_id": "JRF20171025-115036-295224", "id": 61503586, "exec_date": "2017-10-25T11:50:37.943"}, {"side": "SELL", "size": 0.887, "sell_child_order_acceptance_id": "JRF20171025-115036-476290", "price": 621856.0, "buy_child_order_acceptance_id": "JRF20171025-115036-295225", "id": 61503583, "exec_date": "2017-10-25T11:50:36.88"}, {"side": "BUY", "size": 0.49789607, "sell_child_order_acceptance_id": "JRF20171025-115026-009472", "price": 621851.0, "buy_child_order_acceptance_id": "JRF20171025-115036-295225", "id": 61503582, "exec_date": "2017-10-25T11:50:36.723"}, {"side": "SELL", "size": 0.00199898, "sell_child_order_acceptance_id": "JRF20171025-115030-351399", "price": 621843.0, "buy_child_order_acceptance_id": "JRF20171025-115029-295211", "id": 61503557, "exec_date": "2017-10-25T11:50:32.027"}, {"side": "BUY", "size": 0.001, "sell_child_order_acceptance_id": "JRF20171025-115026-009472", "price": 621851.0, "buy_child_order_acceptance_id": "JRF20171025-205028-297463", "id": 61503530, "exec_date": "2017-10-25T11:50:28.697"}, {"side": "SELL", "size": 0.67209774, "sell_child_order_acceptance_id": "JRF20171025-115026-638094", "price": 621841.0, "buy_child_order_acceptance_id": "JRF20171025-115016-295178", "id": 61503525, "exec_date": "2017-10-25T11:50:27.417"}, {"side": "SELL", "size": 1.06368875, "sell_child_order_acceptance_id": "JRF20171025-115026-156025", "price": 621841.0, "buy_child_order_acceptance_id": "JRF20171025-115016-295178", "id": 61503524, "exec_date": "2017-10-25T11:50:27.307"}, {"side": "BUY", "size": 0.00110393, "sell_child_order_acceptance_id": "JRF20171025-115026-009472", "price": 621851.0, "buy_child_order_acceptance_id": "JRF20171025-115025-008547", "id": 61503516, "exec_date": "2017-10-25T11:50:26.427"}, {"side": "SELL", "size": 0.06421351, "sell_child_order_acceptance_id": "JRF20171025-115025-295204", "price": 621841.0, "buy_child_order_acceptance_id": "JRF20171025-115016-295178", "id": 61503513, "exec_date": "2017-10-25T11:50:25.723"}, {"side": "SELL", "size": 0.4175054, "sell_child_order_acceptance_id": "JRF20171025-115025-295204", "price": 621842.0, "buy_child_order_acceptance_id": "JRF20171025-115018-476263", "id": 61503512, "exec_date": "2017-10-25T11:50:25.723"}, {"side": "SELL", "size": 0.01828109, "sell_child_order_acceptance_id": "JRF20171025-115025-295204", "price": 621901.0, "buy_child_order_acceptance_id": "JRF20171025-115024-476271", "id": 61503511, "exec_date": "2017-10-25T11:50:25.723"}, {"side": "BUY", "size": 0.01, "sell_child_order_acceptance_id": "JRF20171025-115022-295192", "price": 621999.0, "buy_child_order_acceptance_id": "JRF20171025-205021-575731", "id": 61503506, "exec_date": "2017-10-25T11:50:24.39"}, {"side": "SELL", "size": 0.01822511, "sell_child_order_acceptance_id": "JRF20171025-115019-476265", "price": 621951.0, "buy_child_order_acceptance_id": "JRF20171025-114958-720534", "id": 61503489, "exec_date": "2017-10-25T11:50:20.17"}, {"side": "SELL", "size": 0.01727489, "sell_child_order_acceptance_id": "JRF20171025-115019-476265", "price": 622001.0, "buy_child_order_acceptance_id": "JRF20171025-114957-720529", "id": 61503488, "exec_date": "2017-10-25T11:50:20.17"}, {"side": "SELL", "size": 0.001, "sell_child_order_acceptance_id": "JRF20171025-204929-798233", "price": 622001.0, "buy_child_order_acceptance_id": "JRF20171025-114957-720529", "id": 61503479, "exec_date": "2017-10-25T11:50:18.383"}, {"side": "BUY", "size": 0.0108, "sell_child_order_acceptance_id": "JRF20171025-115016-720563", "price": 622051.0, "buy_child_order_acceptance_id": "JRF20171025-115016-295183", "id": 61503475, "exec_date": "2017-10-25T11:50:17.073"}, {"side": "SELL", "size": 0.01827509, "sell_child_order_acceptance_id": "JRF20171025-115015-156009", "price": 622051.0, "buy_child_order_acceptance_id": "JRF20171025-115005-476240", "id": 61503469, "exec_date": "2017-10-25T11:50:16.12"}, {"side": "SELL", "size": 0.01827489, "sell_child_order_acceptance_id": "JRF20171025-115014-008109", "price": 622056.0, "buy_child_order_acceptance_id": "JRF20171025-115006-476243", "id": 61503467, "exec_date": "2017-10-25T11:50:15.447"}, {"side": "BUY", "size": 0.00110735, "sell_child_order_acceptance_id": "JRF20171025-205003-663255", "price": 622250.0, "buy_child_order_acceptance_id": "JRF20171025-115009-351368", "id": 61503440, "exec_date": "2017-10-25T11:50:10.837"}, {"side": "BUY", "size": 0.45, "sell_child_order_acceptance_id": "JRF20171025-205003-663255", "price": 622250.0, "buy_child_order_acceptance_id": "JRF20171025-115010-156003", "id": 61503437, "exec_date": "2017-10-25T11:50:10.417"}, {"side": "BUY", "size": 0.27, "sell_child_order_acceptance_id": "JRF20171025-115007-638064", "price": 622354.0, "buy_child_order_acceptance_id": "JRF20171025-205000-896930", "id": 61503395, "exec_date": "2017-10-25T11:50:08.227"}, {"side": "BUY", "size": 0.18752702, "sell_child_order_acceptance_id": "JRF20171025-115000-008505", "price": 622443.0, "buy_child_order_acceptance_id": "JRF20171025-204958-265243", "id": 61503372, "exec_date": "2017-10-25T11:50:02.57"}, {"side": "BUY", "size": 0.31247298, "sell_child_order_acceptance_id": "JRF20171025-114959-295154", "price": 622443.0, "buy_child_order_acceptance_id": "JRF20171025-204958-265243", "id": 61503371, "exec_date": "2017-10-25T11:50:02.57"}, {"side": "BUY", "size": 0.004, "sell_child_order_acceptance_id": "JRF20171025-114941-351338", "price": 622444.0, "buy_child_order_acceptance_id": "JRF20171025-204952-806791", "id": 61503352, "exec_date": "2017-10-25T11:49:58.51"}, {"side": "BUY", "size": 0.00111196, "sell_child_order_acceptance_id": "JRF20171025-114941-351338", "price": 622444.0, "buy_child_order_acceptance_id": "JRF20171025-114956-521288", "id": 61503350, "exec_date": "2017-10-25T11:49:57.963"}, {"side": "SELL", "size": 0.001, "sell_child_order_acceptance_id": "JRF20171025-204911-664360", "price": 622050.0, "buy_child_order_acceptance_id": "JRF20171025-114956-521286", "id": 61503349, "exec_date": "2017-10-25T11:49:57.633"}, {"side": "SELL", "size": 0.21927158, "sell_child_order_acceptance_id": "JRF20171025-114955-007089", "price": 621741.0, "buy_child_order_acceptance_id": "JRF20171025-204953-309210", "id": 61503344, "exec_date": "2017-10-25T11:49:55.493"}, {"side": "SELL", "size": 1.2, "sell_child_order_acceptance_id": "JRF20171025-114955-007089", "price": 621801.0, "buy_child_order_acceptance_id": "JRF20171025-204949-383129", "id": 61503343, "exec_date": "2017-10-25T11:49:55.493"}, {"side": "SELL", "size": 0.01827309, "sell_child_order_acceptance_id": "JRF20171025-114955-007089", "price": 621955.0, "buy_child_order_acceptance_id": "JRF20171025-114950-008493", "id": 61503342, "exec_date": "2017-10-25T11:49:55.493"}, {"side": "SELL", "size": 0.01827309, "sell_child_order_acceptance_id": "JRF20171025-114955-007089", "price": 621955.0, "buy_child_order_acceptance_id": "JRF20171025-114950-351346", "id": 61503341, "exec_date": "2017-10-25T11:49:55.493"}, {"side": "SELL", "size": 0.5, "sell_child_order_acceptance_id": "JRF20171025-114955-007089", "price": 621988.0, "buy_child_order_acceptance_id": "JRF20171025-114952-521281", "id": 61503340, "exec_date": "2017-10-25T11:49:55.493"}, {"side": "SELL", "size": 0.01827349, "sell_child_order_acceptance_id": "JRF20171025-114955-007089", "price": 622105.0, "buy_child_order_acceptance_id": "JRF20171025-114947-008490", "id": 61503339, "exec_date": "2017-10-25T11:49:55.493"}, {"side": "SELL", "size": 0.48, "sell_child_order_acceptance_id": "JRF20171025-114955-007089", "price": 622121.0, "buy_child_order_acceptance_id": "JRF20171025-114951-476229", "id": 61503338, "exec_date": "2017-10-25T11:49:55.493"}, {"side": "SELL", "size": 1.6, "sell_child_order_acceptance_id": "JRF20171025-114955-007089", "price": 622122.0, "buy_child_order_acceptance_id": "JRF20171025-114953-351355", "id": 61503337, "exec_date": "2017-10-25T11:49:55.493"}, {"side": "SELL", "size": 0.35763506, "sell_child_order_acceptance_id": "JRF20171025-114955-007089", "price": 622122.0, "buy_child_order_acceptance_id": "JRF20171025-114953-295138", "id": 61503336, "exec_date": "2017-10-25T11:49:55.493"}, {"side": "SELL", "size": 1.17, "sell_child_order_acceptance_id": "JRF20171025-114955-007089", "price": 622123.0, "buy_child_order_acceptance_id": "JRF20171025-114954-155980", "id": 61503335, "exec_date": "2017-10-25T11:49:55.493"}, {"side": "SELL", "size": 0.1, "sell_child_order_acceptance_id": "JRF20171025-114955-007089", "price": 622256.0, "buy_child_order_acceptance_id": "JRF20171025-205012-918571", "id": 61503334, "exec_date": "2017-10-25T11:49:55.493"}, {"side": "SELL", "size": 0.01827369, "sell_child_order_acceptance_id": "JRF20171025-114955-007089", "price": 622260.0, "buy_child_order_acceptance_id": "JRF20171025-114952-008496", "id": 61503333, "exec_date": "2017-10-25T11:49:55.493"}, {"side": "BUY", "size": 0.072, "sell_child_order_acceptance_id": "JRF20171025-114941-351338", "price": 622444.0, "buy_child_order_acceptance_id": "JRF20171025-114948-351342", "id": 61503319, "exec_date": "2017-10-25T11:49:50.167"}, {"side": "BUY", "size": 0.09, "sell_child_order_acceptance_id": "JRF20171025-204942-217012", "price": 622443.0, "buy_child_order_acceptance_id": "JRF20171025-114948-351342", "id": 61503318, "exec_date": "2017-10-25T11:49:50.167"}, {"side": "BUY", "size": 0.5, "sell_child_order_acceptance_id": "JRF20171025-204942-217012", "price": 622443.0, "buy_child_order_acceptance_id": "JRF20171025-114947-008078", "id": 61503304, "exec_date": "2017-10-25T11:49:48.243"}, {"side": "BUY", "size": 0.01, "sell_child_order_acceptance_id": "JRF20171025-204942-217012", "price": 622443.0, "buy_child_order_acceptance_id": "JRF20171025-204947-127355", "id": 61503303, "exec_date": "2017-10-25T11:49:47.93"}, {"side": "BUY", "size": 0.00111661, "sell_child_order_acceptance_id": "JRF20171025-114943-720508", "price": 622407.0, "buy_child_order_acceptance_id": "JRF20171025-114944-008487", "id": 61503300, "exec_date": "2017-10-25T11:49:46.307"}, {"side": "BUY", "size": 0.172, "sell_child_order_acceptance_id": "JRF20171025-204937-707873", "price": 622444.0, "buy_child_order_acceptance_id": "JRF20171025-114942-252075", "id": 61503284, "exec_date": "2017-10-25T11:49:42.463"}, {"side": "BUY", "size": 1.028, "sell_child_order_acceptance_id": "JRF20171025-204938-230299", "price": 622444.0, "buy_child_order_acceptance_id": "JRF20171025-114942-252075", "id": 61503283, "exec_date": "2017-10-25T11:49:42.463"}, {"side": "BUY", "size": 0.162, "sell_child_order_acceptance_id": "JRF20171025-204938-230299", "price": 622444.0, "buy_child_order_acceptance_id": "JRF20171025-114940-720505", "id": 61503270, "exec_date": "2017-10-25T11:49:40.2"}, {"side": "BUY", "size": 0.01, "sell_child_order_acceptance_id": "JRF20171025-204938-230299", "price": 622444.0, "buy_child_order_acceptance_id": "JRF20171025-114939-009349", "id": 61503269, "exec_date": "2017-10-25T11:49:39.857"}, {"side": "BUY", "size": 0.18, "sell_child_order_acceptance_id": "JRF20171025-114938-008018", "price": 622250.0, "buy_child_order_acceptance_id": "JRF20171025-114939-295107", "id": 61503268, "exec_date": "2017-10-25T11:49:39.7"}, {"side": "BUY", "size": 0.714, "sell_child_order_acceptance_id": "JRF20171025-114939-295106", "price": 622185.0, "buy_child_order_acceptance_id": "JRF20171025-114939-295107", "id": 61503267, "exec_date": "2017-10-25T11:49:39.7"}, {"side": "BUY", "size": 9.88279, "sell_child_order_acceptance_id": "JRF20171025-114820-250305", "price": 622445.0, "buy_child_order_acceptance_id": "JRF20171025-204936-189266", "id": 61503259, "exec_date": "2017-10-25T11:49:37.057"}, {"side": "BUY", "size": 0.10081, "sell_child_order_acceptance_id": "JRF20171025-114933-476214", "price": 622373.0, "buy_child_order_acceptance_id": "JRF20171025-204936-189266", "id": 61503258, "exec_date": "2017-10-25T11:49:37.057"}, {"side": "BUY", "size": 0.005, "sell_child_order_acceptance_id": "JRF20171025-112114-152112", "price": 622363.0, "buy_child_order_acceptance_id": "JRF20171025-204936-189266", "id": 61503257, "exec_date": "2017-10-25T11:49:37.057"}, {"side": "BUY", "size": 0.0114, "sell_child_order_acceptance_id": "JRF20171025-112823-717212", "price": 622320.0, "buy_child_order_acceptance_id": "JRF20171025-204936-189266", "id": 61503256, "exec_date": "2017-10-25T11:49:37.057"}, {"side": "BUY", "size": 0.00112107, "sell_child_order_acceptance_id": "JRF20171025-114816-250204", "price": 622250.0, "buy_child_order_acceptance_id": "JRF20171025-114925-638004", "id": 61503207, "exec_date": "2017-10-25T11:49:26.38"}, {"side": "BUY", "size": 0.3487, "sell_child_order_acceptance_id": "JRF20171025-114816-250204", "price": 622250.0, "buy_child_order_acceptance_id": "JRF20171025-204922-756025", "id": 61503197, "exec_date": "2017-10-25T11:49:24.727"}, {"side": "BUY", "size": 0.2513, "sell_child_order_acceptance_id": "JRF20171025-114922-476203", "price": 622247.0, "buy_child_order_acceptance_id": "JRF20171025-204922-756025", "id": 61503196, "exec_date": "2017-10-25T11:49:24.727"}, {"side": "BUY", "size": 0.6, "sell_child_order_acceptance_id": "JRF20171025-114816-250204", "price": 622250.0, "buy_child_order_acceptance_id": "JRF20171025-204921-560841", "id": 61503186, "exec_date": "2017-10-25T11:49:22.877"}, {"side": "SELL", "size": 0.08908529, "sell_child_order_acceptance_id": "JRF20171025-114918-351315", "price": 621877.0, "buy_child_order_acceptance_id": "JRF20171025-114918-637994", "id": 61503159, "exec_date": "2017-10-25T11:49:18.923"}, {"side": "SELL", "size": 0.01091471, "sell_child_order_acceptance_id": "JRF20171025-114918-351315", "price": 621930.0, "buy_child_order_acceptance_id": "JRF20171025-114912-521224", "id": 61503158, "exec_date": "2017-10-25T11:49:18.923"}, {"side": "BUY", "size": 0.64171431, "sell_child_order_acceptance_id": "JRF20171025-114816-250204", "price": 622250.0, "buy_child_order_acceptance_id": "JRF20171025-114915-009325", "id": 61503134, "exec_date": "2017-10-25T11:49:15.437"}, {"side": "BUY", "size": 0.01828569, "sell_child_order_acceptance_id": "JRF20171025-114913-155923", "price": 622019.0, "buy_child_order_acceptance_id": "JRF20171025-114915-009325", "id": 61503133, "exec_date": "2017-10-25T11:49:15.437"}, {"side": "BUY", "size": 0.01828529, "sell_child_order_acceptance_id": "JRF20171025-114912-155921", "price": 621869.0, "buy_child_order_acceptance_id": "JRF20171025-114912-521224", "id": 61503125, "exec_date": "2017-10-25T11:49:13.997"}, {"side": "BUY", "size": 0.3384, "sell_child_order_acceptance_id": "JRF20171025-114816-250204", "price": 622250.0, "buy_child_order_acceptance_id": "JRF20171025-114912-720463", "id": 61503115, "exec_date": "2017-10-25T11:49:12.56"}, {"side": "BUY", "size": 0.28782032, "sell_child_order_acceptance_id": "JRF20171025-114816-250204", "price": 622250.0, "buy_child_order_acceptance_id": "JRF20171025-204909-638266", "id": 61503114, "exec_date": "2017-10-25T11:49:12.357"}, {"side": "BUY", "size": 0.015, "sell_child_order_acceptance_id": "JRF20171025-114616-007784", "price": 622000.0, "buy_child_order_acceptance_id": "JRF20171025-204909-638266", "id": 61503113, "exec_date": "2017-10-25T11:49:12.357"}, {"side": "BUY", "size": 0.01, "sell_child_order_acceptance_id": "JRF20171025-112204-152214", "price": 621900.0, "buy_child_order_acceptance_id": "JRF20171025-204909-638266", "id": 61503112, "exec_date": "2017-10-25T11:49:12.34"}, {"side": "BUY", "size": 0.005, "sell_child_order_acceptance_id": "JRF20171025-112121-005423", "price": 621866.0, "buy_child_order_acceptance_id": "JRF20171025-204909-638266", "id": 61503111, "exec_date": "2017-10-25T11:49:12.34"}, {"side": "BUY", "size": 0.00217968, "sell_child_order_acceptance_id": "JRF20171025-112125-152141", "price": 621860.0, "buy_child_order_acceptance_id": "JRF20171025-204909-638266", "id": 61503110, "exec_date": "2017-10-25T11:49:12.34"}, {"side": "BUY", "size": 0.00112629, "sell_child_order_acceptance_id": "JRF20171025-112125-152141", "price": 621860.0, "buy_child_order_acceptance_id": "JRF20171025-114910-720461", "id": 61503103, "exec_date": "2017-10-25T11:49:11.31"}, {"side": "BUY", "size": 0.1, "sell_child_order_acceptance_id": "JRF20171025-204916-273710", "price": 621820.0, "buy_child_order_acceptance_id": "JRF20171025-114911-251575", "id": 61503101, "exec_date": "2017-10-25T11:49:11.217"}, {"side": "BUY", "size": 0.26, "sell_child_order_acceptance_id": "JRF20171025-114905-521217", "price": 621819.0, "buy_child_order_acceptance_id": "JRF20171025-204904-206584", "id": 61503093, "exec_date": "2017-10-25T11:49:09.98"}, {"side": "BUY", "size": 0.6, "sell_child_order_acceptance_id": "JRF20171025-114814-250101", "price": 621820.0, "buy_child_order_acceptance_id": "JRF20171025-204904-714477", "id": 61503072, "exec_date": "2017-10-25T11:49:06.74"}, {"side": "BUY", "size": 0.01828629, "sell_child_order_acceptance_id": "JRF20171025-114904-637971", "price": 621780.0, "buy_child_order_acceptance_id": "JRF20171025-114906-155912", "id": 61503071, "exec_date": "2017-10-25T11:49:06.597"}, {"side": "BUY", "size": 8.405e-05, "sell_child_order_acceptance_id": "JRF20171025-114850-008420", "price": 621730.0, "buy_child_order_acceptance_id": "JRF20171025-114906-155912", "id": 61503070, "exec_date": "2017-10-25T11:49:06.597"}, {"side": "SELL", "size": 0.15524, "sell_child_order_acceptance_id": "JRF20171025-114904-295015", "price": 621627.0, "buy_child_order_acceptance_id": "JRF20171025-114858-720450", "id": 61503058, "exec_date": "2017-10-25T11:49:04.207"}, {"side": "BUY", "size": 0.01820364, "sell_child_order_acceptance_id": "JRF20171025-114850-008420", "price": 621730.0, "buy_child_order_acceptance_id": "JRF20171025-114902-637967", "id": 61503055, "exec_date": "2017-10-25T11:49:03.253"}, {"side": "BUY", "size": 0.4408, "sell_child_order_acceptance_id": "JRF20171025-114856-637953", "price": 621729.0, "buy_child_order_acceptance_id": "JRF20171025-114859-351301", "id": 61503044, "exec_date": "2017-10-25T11:49:00.957"}, {"side": "BUY", "size": 0.00113131, "sell_child_order_acceptance_id": "JRF20171025-114856-637953", "price": 621729.0, "buy_child_order_acceptance_id": "JRF20171025-114858-008431", "id": 61503042, "exec_date": "2017-10-25T11:49:00.753"}, {"side": "BUY", "size": 0.1698, "sell_child_order_acceptance_id": "JRF20171025-204843-700532", "price": 621627.0, "buy_child_order_acceptance_id": "JRF20171025-114858-720450", "id": 61503034, "exec_date": "2017-10-25T11:48:59.113"}, {"side": "BUY", "size": 0.32, "sell_child_order_acceptance_id": "JRF20171025-204843-700532", "price": 621627.0, "buy_child_order_acceptance_id": "JRF20171025-204855-199796", "id": 61503033, "exec_date": "2017-10-25T11:48:58.847"}, {"side": "SELL", "size": 0.07954993, "sell_child_order_acceptance_id": "JRF20171025-204852-263432", "price": 621497.0, "buy_child_order_acceptance_id": "JRF20171025-114845-008414", "id": 61503032, "exec_date": "2017-10-25T11:48:58.347"}, {"side": "SELL", "size": 0.02045007, "sell_child_order_acceptance_id": "JRF20171025-204852-263432", "price": 621498.0, "buy_child_order_acceptance_id": "JRF20171025-114849-637941", "id": 61503031, "exec_date": "2017-10-25T11:48:58.347"}, {"side": "SELL", "size": 0.01, "sell_child_order_acceptance_id": "JRF20171025-204843-700532", "price": 621630.0, "buy_child_order_acceptance_id": "JRF20171025-114854-007991", "id": 61503020, "exec_date": "2017-10-25T11:48:54.607"}, {"side": "BUY", "size": 0.6448, "sell_child_order_acceptance_id": "JRF20171025-114850-637942", "price": 621627.0, "buy_child_order_acceptance_id": "JRF20171025-114851-008421", "id": 61503016, "exec_date": "2017-10-25T11:48:52.433"}, {"side": "BUY", "size": 0.6, "sell_child_order_acceptance_id": "JRF20171025-114850-637942", "price": 621627.0, "buy_child_order_acceptance_id": "JRF20171025-204849-424599", "id": 61503013, "exec_date": "2017-10-25T11:48:51.667"}, {"side": "SELL", "size": 0.03, "sell_child_order_acceptance_id": "JRF20171025-114850-637942", "price": 621630.0, "buy_child_order_acceptance_id": "JRF20171025-204845-580793", "id": 61503012, "exec_date": "2017-10-25T11:48:50.637"}, {"side": "BUY", "size": 0.6, "sell_child_order_acceptance_id": "JRF20171025-114814-250101", "price": 621820.0, "buy_child_order_acceptance_id": "JRF20171025-204848-094863", "id": 61503008, "exec_date": "2017-10-25T11:48:49.857"}, {"side": "BUY", "size": 0.58284754, "sell_child_order_acceptance_id": "JRF20171025-114814-250101", "price": 621820.0, "buy_child_order_acceptance_id": "JRF20171025-204847-601505", "id": 61503006, "exec_date": "2017-10-25T11:48:49.15"}, {"side": "BUY", "size": 0.01715246, "sell_child_order_acceptance_id": "JRF20171025-114839-521180", "price": 621680.0, "buy_child_order_acceptance_id": "JRF20171025-204847-601505", "id": 61503005, "exec_date": "2017-10-25T11:48:49.15"}, {"side": "BUY", "size": 0.001, "sell_child_order_acceptance_id": "JRF20171025-114841-720431", "price": 621547.0, "buy_child_order_acceptance_id": "JRF20171025-204841-407578", "id": 61502987, "exec_date": "2017-10-25T11:48:42.103"}, {"side": "SELL", "size": 0.08396279, "sell_child_order_acceptance_id": "JRF20171025-114841-720431", "price": 621632.0, "buy_child_order_acceptance_id": "JRF20171025-114839-008404", "id": 61502985, "exec_date": "2017-10-25T11:48:41.54"}, {"side": "BUY", "size": 0.00113513, "sell_child_order_acceptance_id": "JRF20171025-114839-521180", "price": 621680.0, "buy_child_order_acceptance_id": "JRF20171025-114840-008405", "id": 61502984, "exec_date": "2017-10-25T11:48:41.26"}, {"side": "SELL", "size": 0.01828759, "sell_child_order_acceptance_id": "JRF20171025-114840-351280", "price": 621632.0, "buy_child_order_acceptance_id": "JRF20171025-114839-008404", "id": 61502983, "exec_date": "2017-10-25T11:48:41.18"}, {"side": "SELL", "size": 0.01820983, "sell_child_order_acceptance_id": "JRF20171025-114838-637914", "price": 621631.0, "buy_child_order_acceptance_id": "JRF20171025-114837-155866", "id": 61502978, "exec_date": "2017-10-25T11:48:39.15"}, {"side": "SELL", "size": 7.766e-05, "sell_child_order_acceptance_id": "JRF20171025-114838-637914", "price": 621683.0, "buy_child_order_acceptance_id": "JRF20171025-114833-521175", "id": 61502977, "exec_date": "2017-10-25T11:48:39.15"}, {"side": "BUY", "size": 0.01821187, "sell_child_order_acceptance_id": "JRF20171025-114832-007980", "price": 621630.0, "buy_child_order_acceptance_id": "JRF20171025-114833-521175", "id": 61502961, "exec_date": "2017-10-25T11:48:35.307"}, {"side": "BUY", "size": 0.1635, "sell_child_order_acceptance_id": "JRF20171025-114832-007980", "price": 621630.0, "buy_child_order_acceptance_id": "JRF20171025-114834-720421", "id": 61502960, "exec_date": "2017-10-25T11:48:35.04"}, {"side": "SELL", "size": 0.01828813, "sell_child_order_acceptance_id": "JRF20171025-114832-007980", "price": 621630.0, "buy_child_order_acceptance_id": "JRF20171025-114826-008384", "id": 61502952, "exec_date": "2017-10-25T11:48:33.29"}, {"side": "BUY", "size": 0.021, "sell_child_order_acceptance_id": "JRF20171025-114829-351266", "price": 621819.0, "buy_child_order_acceptance_id": "JRF20171025-114830-476159", "id": 61502950, "exec_date": "2017-10-25T11:48:32.133"}, {"side": "BUY", "size": 0.01443513, "sell_child_order_acceptance_id": "JRF20171025-114816-720389", "price": 621728.0, "buy_child_order_acceptance_id": "JRF20171025-114830-476159", "id": 61502949, "exec_date": "2017-10-25T11:48:32.133"}, {"side": "BUY", "size": 0.00385266, "sell_child_order_acceptance_id": "JRF20171025-114816-720389", "price": 621728.0, "buy_child_order_acceptance_id": "JRF20171025-114829-720413", "id": 61502939, "exec_date": "2017-10-25T11:48:29.783"}, {"side": "BUY", "size": 0.01714734, "sell_child_order_acceptance_id": "JRF20171025-114816-720392", "price": 621678.0, "buy_child_order_acceptance_id": "JRF20171025-114829-720413", "id": 61502938, "exec_date": "2017-10-25T11:48:29.783"}, {"side": "BUY", "size": 0.00114035, "sell_child_order_acceptance_id": "JRF20171025-114816-720392", "price": 621678.0, "buy_child_order_acceptance_id": "JRF20171025-114828-637899", "id": 61502937, "exec_date": "2017-10-25T11:48:29.267"}, {"side": "BUY", "size": 0.48956801, "sell_child_order_acceptance_id": "JRF20171025-114800-250000", "price": 621630.0, "buy_child_order_acceptance_id": "JRF20171025-114826-008384", "id": 61502931, "exec_date": "2017-10-25T11:48:27.813"}, {"side": "BUY", "size": 0.01828813, "sell_child_order_acceptance_id": "JRF20171025-114800-250000", "price": 621630.0, "buy_child_order_acceptance_id": "JRF20171025-114823-476153", "id": 61502902, "exec_date": "2017-10-25T11:48:24.143"}, {"side": "SELL", "size": 0.01828768, "sell_child_order_acceptance_id": "JRF20171025-114823-155849", "price": 621623.0, "buy_child_order_acceptance_id": "JRF20171025-114821-521161", "id": 61502897, "exec_date": "2017-10-25T11:48:23.377"}, {"side": "BUY", "size": 1.49171231, "sell_child_order_acceptance_id": "JRF20171025-114800-250000", "price": 621630.0, "buy_child_order_acceptance_id": "JRF20171025-114820-009266", "id": 61502879, "exec_date": "2017-10-25T11:48:20.72"}, {"side": "BUY", "size": 0.00828769, "sell_child_order_acceptance_id": "JRF20171025-114814-294952", "price": 621629.0, "buy_child_order_acceptance_id": "JRF20171025-114820-009266", "id": 61502878, "exec_date": "2017-10-25T11:48:20.72"}, {"side": "BUY", "size": 0.01, "sell_child_order_acceptance_id": "JRF20171025-114814-294952", "price": 621629.0, "buy_child_order_acceptance_id": "JRF20171025-114819-006984", "id": 61502876, "exec_date": "2017-10-25T11:48:20.237"}, {"side": "SELL", "size": 0.8, "sell_child_order_acceptance_id": "JRF20171025-114818-720396", "price": 621480.0, "buy_child_order_acceptance_id": "JRF20171025-114817-637877", "id": 61502867, "exec_date": "2017-10-25T11:48:18.847"}, {"side": "BUY", "size": 0.15212961, "sell_child_order_acceptance_id": "JRF20171025-114814-294952", "price": 621629.0, "buy_child_order_acceptance_id": "JRF20171025-114817-351243", "id": 61502866, "exec_date": "2017-10-25T11:48:18.737"}, {"side": "BUY", "size": 0.01828769, "sell_child_order_acceptance_id": "JRF20171025-114816-155827", "price": 621623.0, "buy_child_order_acceptance_id": "JRF20171025-114817-351243", "id": 61502865, "exec_date": "2017-10-25T11:48:18.737"}, {"side": "BUY", "size": 0.4992827, "sell_child_order_acceptance_id": "JRF20171025-114800-250000", "price": 621630.0, "buy_child_order_acceptance_id": "JRF20171025-114813-155809", "id": 61502843, "exec_date": "2017-10-25T11:48:14.253"}, {"side": "BUY", "size": 0.4208173, "sell_child_order_acceptance_id": "JRF20171025-114812-637855", "price": 621628.0, "buy_child_order_acceptance_id": "JRF20171025-114813-155809", "id": 61502842, "exec_date": "2017-10-25T11:48:14.253"}, {"side": "BUY", "size": 0.3391827, "sell_child_order_acceptance_id": "JRF20171025-114812-637855", "price": 621628.0, "buy_child_order_acceptance_id": "JRF20171025-114812-008343", "id": 61502837, "exec_date": "2017-10-25T11:48:13.657"}, {"side": "BUY", "size": 0.1704173, "sell_child_order_acceptance_id": "JRF20171025-114813-294937", "price": 621627.0, "buy_child_order_acceptance_id": "JRF20171025-114812-008343", "id": 61502836, "exec_date": "2017-10-25T11:48:13.657"}, {"side": "BUY", "size": 0.00114467, "sell_child_order_acceptance_id": "JRF20171025-114811-720350", "price": 621628.0, "buy_child_order_acceptance_id": "JRF20171025-114812-294932", "id": 61502829, "exec_date": "2017-10-25T11:48:12.453"}, {"side": "SELL", "size": 0.2822, "sell_child_order_acceptance_id": "JRF20171025-114802-294810", "price": 621391.0, "buy_child_order_acceptance_id": "JRF20171025-114752-720181", "id": 61502742, "exec_date": "2017-10-25T11:48:02.937"}, {"side": "SELL", "size": 0.5377, "sell_child_order_acceptance_id": "JRF20171025-114802-294810", "price": 621392.0, "buy_child_order_acceptance_id": "JRF20171025-114800-476093", "id": 61502741, "exec_date": "2017-10-25T11:48:02.923"}, {"side": "SELL", "size": 0.1, "sell_child_order_acceptance_id": "JRF20171025-114802-294810", "price": 621500.0, "buy_child_order_acceptance_id": "JRF20171025-114800-007923", "id": 61502740, "exec_date": "2017-10-25T11:48:02.923"}, {"side": "BUY", "size": 0.00114885, "sell_child_order_acceptance_id": "JRF20171025-114800-250000", "price": 621630.0, "buy_child_order_acceptance_id": "JRF20171025-114758-521062", "id": 61502733, "exec_date": "2017-10-25T11:48:01.093"}, {"side": "SELL", "size": 0.26, "sell_child_order_acceptance_id": "JRF20171025-114755-521059", "price": 621847.0, "buy_child_order_acceptance_id": "JRF20171025-204754-062048", "id": 61502732, "exec_date": "2017-10-25T11:47:59.78"}, {"side": "BUY", "size": 0.001, "sell_child_order_acceptance_id": "JRF20171025-112350-236807", "price": 621850.0, "buy_child_order_acceptance_id": "JRF20171025-204757-121382", "id": 61502726, "exec_date": "2017-10-25T11:47:58.97"}, {"side": "BUY", "size": 0.44, "sell_child_order_acceptance_id": "JRF20171025-114750-155635", "price": 621846.0, "buy_child_order_acceptance_id": "JRF20171025-204754-062048", "id": 61502725, "exec_date": "2017-10-25T11:47:58.72"}, {"side": "BUY", "size": 0.77171391, "sell_child_order_acceptance_id": "JRF20171025-114742-294770", "price": 621847.0, "buy_child_order_acceptance_id": "JRF20171025-114750-249975", "id": 61502699, "exec_date": "2017-10-25T11:47:50.207"}, {"side": "BUY", "size": 0.01828609, "sell_child_order_acceptance_id": "JRF20171025-114744-637679", "price": 621841.0, "buy_child_order_acceptance_id": "JRF20171025-114750-249975", "id": 61502698, "exec_date": "2017-10-25T11:47:50.207"}, {"side": "BUY", "size": 0.21, "sell_child_order_acceptance_id": "JRF20171025-114749-155633", "price": 621779.0, "buy_child_order_acceptance_id": "JRF20171025-114750-249975", "id": 61502697, "exec_date": "2017-10-25T11:47:50.207"}, {"side": "BUY", "size": 1.63216, "sell_child_order_acceptance_id": "JRF20171025-114742-294770", "price": 621847.0, "buy_child_order_acceptance_id": "JRF20171025-204742-223223", "id": 61502664, "exec_date": "2017-10-25T11:47:45.5"}, {"side": "BUY", "size": 0.36784, "sell_child_order_acceptance_id": "JRF20171025-114735-007961", "price": 621846.0, "buy_child_order_acceptance_id": "JRF20171025-204742-223223", "id": 61502663, "exec_date": "2017-10-25T11:47:45.5"}, {"side": "BUY", "size": 0.00115334, "sell_child_order_acceptance_id": "JRF20171025-114740-008219", "price": 621845.0, "buy_child_order_acceptance_id": "JRF20171025-114743-720167", "id": 61502655, "exec_date": "2017-10-25T11:47:43.25"}, {"side": "BUY", "size": 0.6, "sell_child_order_acceptance_id": "JRF20171025-114740-008219", "price": 621845.0, "buy_child_order_acceptance_id": "JRF20171025-114741-007916", "id": 61502648, "exec_date": "2017-10-25T11:47:42.25"}, {"side": "SELL", "size": 0.2999, "sell_child_order_acceptance_id": "JRF20171025-114738-637668", "price": 621572.0, "buy_child_order_acceptance_id": "JRF20171025-114737-637663", "id": 61502640, "exec_date": "2017-10-25T11:47:39.713"}, {"side": "BUY", "size": 0.03216, "sell_child_order_acceptance_id": "JRF20171025-114735-007961", "price": 621846.0, "buy_child_order_acceptance_id": "JRF20171025-114737-294761", "id": 61502627, "exec_date": "2017-10-25T11:47:38.053"}, {"side": "BUY", "size": 0.00299988, "sell_child_order_acceptance_id": "JRF20171025-114728-294752", "price": 621558.0, "buy_child_order_acceptance_id": "JRF20171025-114731-720143", "id": 61502612, "exec_date": "2017-10-25T11:47:35.473"}, {"side": "SELL", "size": 0.01700012, "sell_child_order_acceptance_id": "JRF20171025-114728-294752", "price": 621559.0, "buy_child_order_acceptance_id": "JRF20171025-114714-009220", "id": 61502604, "exec_date": "2017-10-25T11:47:31.67"}, {"side": "BUY", "size": 0.00115742, "sell_child_order_acceptance_id": "JRF20171025-112350-236807", "price": 621850.0, "buy_child_order_acceptance_id": "JRF20171025-114724-351138", "id": 61502602, "exec_date": "2017-10-25T11:47:31.013"}, {"side": "SELL", "size": 0.001, "sell_child_order_acceptance_id": "JRF20171025-204641-301886", "price": 621559.0, "buy_child_order_acceptance_id": "JRF20171025-114714-009220", "id": 61502598, "exec_date": "2017-10-25T11:47:30.263"}, {"side": "BUY", "size": 0.003, "sell_child_order_acceptance_id": "JRF20171025-114711-351126", "price": 621846.0, "buy_child_order_acceptance_id": "JRF20171025-114726-007949", "id": 61502597, "exec_date": "2017-10-25T11:47:30.137"}, {"side": "SELL", "size": 0.00199988, "sell_child_order_acceptance_id": "JRF20171025-114723-008206", "price": 621559.0, "buy_child_order_acceptance_id": "JRF20171025-114714-009220", "id": 61502592, "exec_date": "2017-10-25T11:47:29.717"}, {"side": "BUY", "size": 0.0387, "sell_child_order_acceptance_id": "JRF20171025-114711-351126", "price": 621846.0, "buy_child_order_acceptance_id": "JRF20171025-114712-294710", "id": 61502590, "exec_date": "2017-10-25T11:47:21.65"}, {"side": "BUY", "size": 0.0613, "sell_child_order_acceptance_id": "JRF20171025-114712-720107", "price": 621751.0, "buy_child_order_acceptance_id": "JRF20171025-114712-294710", "id": 61502589, "exec_date": "2017-10-25T11:47:21.65"}, {"side": "BUY", "size": 0.00116232, "sell_child_order_acceptance_id": "JRF20171025-114711-351126", "price": 621846.0, "buy_child_order_acceptance_id": "JRF20171025-114712-720105", "id": 61502587, "exec_date": "2017-10-25T11:47:21.447"}, {"side": "BUY", "size": 0.32671431, "sell_child_order_acceptance_id": "JRF20171025-114707-294702", "price": 621847.0, "buy_child_order_acceptance_id": "JRF20171025-204711-987777", "id": 61502580, "exec_date": "2017-10-25T11:47:09.583"}, {"side": "BUY", "size": 0.65, "sell_child_order_acceptance_id": "JRF20171025-114706-294698", "price": 621847.0, "buy_child_order_acceptance_id": "JRF20171025-204711-987777", "id": 61502579, "exec_date": "2017-10-25T11:47:09.583"}, {"side": "BUY", "size": 0.005, "sell_child_order_acceptance_id": "JRF20171025-112131-634406", "price": 621805.0, "buy_child_order_acceptance_id": "JRF20171025-204711-987777", "id": 61502578, "exec_date": "2017-10-25T11:47:09.583"}, {"side": "BUY", "size": 0.01828569, "sell_child_order_acceptance_id": "JRF20171025-114654-521007", "price": 621800.0, "buy_child_order_acceptance_id": "JRF20171025-204711-987777", "id": 61502577, "exec_date": "2017-10-25T11:47:09.583"}, {"side": "BUY", "size": 0.09158331, "sell_child_order_acceptance_id": "JRF20171025-114655-006872", "price": 621581.0, "buy_child_order_acceptance_id": "JRF20171025-114709-249875", "id": 61502574, "exec_date": "2017-10-25T11:47:08.863"}, {"side": "SELL", "size": 0.01828629, "sell_child_order_acceptance_id": "JRF20171025-114700-720077", "price": 621559.0, "buy_child_order_acceptance_id": "JRF20171025-114700-155568", "id": 61502541, "exec_date": "2017-10-25T11:47:00.5"}, {"side": "BUY", "size": 0.90014063, "sell_child_order_acceptance_id": "JRF20171025-114655-006872", "price": 621581.0, "buy_child_order_acceptance_id": "JRF20171025-114658-155564", "id": 61502531, "exec_date": "2017-10-25T11:46:58.203"}, {"side": "BUY", "size": 0.00827606, "sell_child_order_acceptance_id": "JRF20171025-114655-006872", "price": 621581.0, "buy_child_order_acceptance_id": "JRF20171025-114657-351107", "id": 61502528, "exec_date": "2017-10-25T11:46:57.877"}, {"side": "BUY", "size": 0.00116743, "sell_child_order_acceptance_id": "JRF20171025-114647-008148", "price": 621351.0, "buy_child_order_acceptance_id": "JRF20171025-114653-008158", "id": 61502524, "exec_date": "2017-10-25T11:46:54.44"}, {"side": "SELL", "size": 0.032, "sell_child_order_acceptance_id": "JRF20171025-114653-007885", "price": 621300.0, "buy_child_order_acceptance_id": "JRF20171025-114639-007846", "id": 61502523, "exec_date": "2017-10-25T11:46:53.597"}, {"side": "BUY", "size": 0.01828589, "sell_child_order_acceptance_id": "JRF20171025-114647-008148", "price": 621351.0, "buy_child_order_acceptance_id": "JRF20171025-114651-155549", "id": 61502515, "exec_date": "2017-10-25T11:46:51.877"}, {"side": "BUY", "size": 0.3, "sell_child_order_acceptance_id": "JRF20171025-114647-008148", "price": 621351.0, "buy_child_order_acceptance_id": "JRF20171025-204644-150292", "id": 61502512, "exec_date": "2017-10-25T11:46:50.063"}, {"side": "SELL", "size": 0.5, "sell_child_order_acceptance_id": "JRF20171025-114647-637568", "price": 621609.0, "buy_child_order_acceptance_id": "JRF20171025-114647-249575", "id": 61502510, "exec_date": "2017-10-25T11:46:48.347"}, {"side": "SELL", "size": 0.4, "sell_child_order_acceptance_id": "JRF20171025-114647-637568", "price": 621610.0, "buy_child_order_acceptance_id": "JRF20171025-114647-007871", "id": 61502509, "exec_date": "2017-10-25T11:46:48.347"}, {"side": "BUY", "size": 0.5, "sell_child_order_acceptance_id": "JRF20171025-114646-720030", "price": 621582.0, "buy_child_order_acceptance_id": "JRF20171025-114647-249575", "id": 61502505, "exec_date": "2017-10-25T11:46:47.83"}, {"side": "BUY", "size": 0.0525, "sell_child_order_acceptance_id": "JRF20171025-114640-720009", "price": 621597.0, "buy_child_order_acceptance_id": "JRF20171025-114639-520987", "id": 61502479, "exec_date": "2017-10-25T11:46:41.203"}, {"side": "BUY", "size": 0.00117174, "sell_child_order_acceptance_id": "JRF20171025-114640-720009", "price": 621597.0, "buy_child_order_acceptance_id": "JRF20171025-114640-720011", "id": 61502478, "exec_date": "2017-10-25T11:46:40.673"}, {"side": "BUY", "size": 0.00756382, "sell_child_order_acceptance_id": "JRF20171025-114637-294644", "price": 621581.0, "buy_child_order_acceptance_id": "JRF20171025-114636-520980", "id": 61502469, "exec_date": "2017-10-25T11:46:38.047"}, {"side": "BUY", "size": 0.00688, "sell_child_order_acceptance_id": "JRF20171025-204543-436731", "price": 621500.0, "buy_child_order_acceptance_id": "JRF20171025-114636-520980", "id": 61502468, "exec_date": "2017-10-25T11:46:38.047"}, {"side": "BUY", "size": 0.005, "sell_child_order_acceptance_id": "JRF20171025-112534-473318", "price": 621452.0, "buy_child_order_acceptance_id": "JRF20171025-114636-520980", "id": 61502467, "exec_date": "2017-10-25T11:46:38.047"}, {"side": "BUY", "size": 4.48914248, "sell_child_order_acceptance_id": "JRF20171025-114620-248702", "price": 621350.0, "buy_child_order_acceptance_id": "JRF20171025-114633-351080", "id": 61502449, "exec_date": "2017-10-25T11:46:34.657"}, {"side": "BUY", "size": 0.32, "sell_child_order_acceptance_id": "JRF20171025-114620-248702", "price": 621350.0, "buy_child_order_acceptance_id": "JRF20171025-204630-738642", "id": 61502426, "exec_date": "2017-10-25T11:46:32.343"}, {"side": "BUY", "size": 0.56165301, "sell_child_order_acceptance_id": "JRF20171025-114620-248702", "price": 621350.0, "buy_child_order_acceptance_id": "JRF20171025-114628-351072", "id": 61502416, "exec_date": "2017-10-25T11:46:29.953"}, {"side": "BUY", "size": 0.02920451, "sell_child_order_acceptance_id": "JRF20171025-114620-248702", "price": 621350.0, "buy_child_order_acceptance_id": "JRF20171025-114628-637532", "id": 61502412, "exec_date": "2017-10-25T11:46:29.36"}, {"side": "BUY", "size": 0.01829549, "sell_child_order_acceptance_id": "JRF20171025-114556-475897", "price": 621303.0, "buy_child_order_acceptance_id": "JRF20171025-114628-637532", "id": 61502411, "exec_date": "2017-10-25T11:46:29.36"}, {"side": "BUY", "size": 0.05, "sell_child_order_acceptance_id": "JRF20171025-114625-006813", "price": 621300.0, "buy_child_order_acceptance_id": "JRF20171025-114627-008107", "id": 61502401, "exec_date": "2017-10-25T11:46:27.737"}, {"side": "BUY", "size": 0.2, "sell_child_order_acceptance_id": "JRF20171025-114546-006730", "price": 621300.0, "buy_child_order_acceptance_id": "JRF20171025-114627-008107", "id": 61502400, "exec_date": "2017-10-25T11:46:27.737"}, {"side": "BUY", "size": 2.09569933, "sell_child_order_acceptance_id": "JRF20171025-113652-244303", "price": 621300.0, "buy_child_order_acceptance_id": "JRF20171025-114627-008107", "id": 61502399, "exec_date": "2017-10-25T11:46:27.737"}, {"side": "BUY", "size": 0.00117689, "sell_child_order_acceptance_id": "JRF20171025-113652-244303", "price": 621300.0, "buy_child_order_acceptance_id": "JRF20171025-114626-155503", "id": 61502387, "exec_date": "2017-10-25T11:46:26.33"}, {"side": "BUY", "size": 0.7359, "sell_child_order_acceptance_id": "JRF20171025-113652-244303", "price": 621300.0, "buy_child_order_acceptance_id": "JRF20171025-114624-475949", "id": 61502385, "exec_date": "2017-10-25T11:46:25.533"}, {"side": "BUY", "size": 2.8, "sell_child_order_acceptance_id": "JRF20171025-113652-244303", "price": 621300.0, "buy_child_order_acceptance_id": "JRF20171025-204622-945394", "id": 61502384, "exec_date": "2017-10-25T11:46:25.39"}, {"side": "BUY", "size": 1.184, "sell_child_order_acceptance_id": "JRF20171025-113652-244303", "price": 621300.0, "buy_child_order_acceptance_id": "JRF20171025-114622-637521", "id": 61502379, "exec_date": "2017-10-25T11:46:24.637"}, {"side": "BUY", "size": 1.184, "sell_child_order_acceptance_id": "JRF20171025-113652-244303", "price": 621300.0, "buy_child_order_acceptance_id": "JRF20171025-114623-155497", "id": 61502376, "exec_date": "2017-10-25T11:46:24.013"}, {"side": "BUY", "size": 1.0, "sell_child_order_acceptance_id": "JRF20171025-113652-244303", "price": 621300.0, "buy_child_order_acceptance_id": "JRF20171025-114622-351065", "id": 61502374, "exec_date": "2017-10-25T11:46:23.683"}, {"side": "BUY", "size": 0.3, "sell_child_order_acceptance_id": "JRF20171025-113652-244303", "price": 621300.0, "buy_child_order_acceptance_id": "JRF20171025-114620-475941", "id": 61502365, "exec_date": "2017-10-25T11:46:21.807"}, {"side": "BUY", "size": 2.0, "sell_child_order_acceptance_id": "JRF20171025-113652-244303", "price": 621300.0, "buy_child_order_acceptance_id": "JRF20171025-114620-351061", "id": 61502364, "exec_date": "2017-10-25T11:46:21.573"}, {"side": "BUY", "size": 0.1159, "sell_child_order_acceptance_id": "JRF20171025-113652-244303", "price": 621300.0, "buy_child_order_acceptance_id": "JRF20171025-114621-008104", "id": 61502363, "exec_date": "2017-10-25T11:46:21.4"}, {"side": "BUY", "size": 0.5, "sell_child_order_acceptance_id": "JRF20171025-113652-244303", "price": 621300.0, "buy_child_order_acceptance_id": "JRF20171025-204611-004748", "id": 61502361, "exec_date": "2017-10-25T11:46:21.167"}, {"side": "BUY", "size": 0.5, "sell_child_order_acceptance_id": "JRF20171025-113652-244303", "price": 621300.0, "buy_child_order_acceptance_id": "JRF20171025-204610-438404", "id": 61502360, "exec_date": "2017-10-25T11:46:21.057"}, {"side": "BUY", "size": 0.5, "sell_child_order_acceptance_id": "JRF20171025-113652-244303", "price": 621300.0, "buy_child_order_acceptance_id": "JRF20171025-204610-633883", "id": 61502359, "exec_date": "2017-10-25T11:46:20.917"}, {"side": "BUY", "size": 0.5, "sell_child_order_acceptance_id": "JRF20171025-113652-244303", "price": 621300.0, "buy_child_order_acceptance_id": "JRF20171025-204620-667632", "id": 61502357, "exec_date": "2017-10-25T11:46:20.683"}, {"side": "BUY", "size": 0.5, "sell_child_order_acceptance_id": "JRF20171025-113652-244303", "price": 621300.0, "buy_child_order_acceptance_id": "JRF20171025-204607-310946", "id": 61502354, "exec_date": "2017-10-25T11:46:20.09"}, {"side": "BUY", "size": 0.6, "sell_child_order_acceptance_id": "JRF20171025-113652-244303", "price": 621300.0, "buy_child_order_acceptance_id": "JRF20171025-204617-494253", "id": 61502349, "exec_date": "2017-10-25T11:46:19.387"}, {"side": "BUY", "size": 1.2, "sell_child_order_acceptance_id": "JRF20171025-113652-244303", "price": 621300.0, "buy_child_order_acceptance_id": "JRF20171025-204618-016679", "id": 61502346, "exec_date": "2017-10-25T11:46:19.09"}, {"side": "BUY", "size": 0.6, "sell_child_order_acceptance_id": "JRF20171025-113652-244303", "price": 621300.0, "buy_child_order_acceptance_id": "JRF20171025-204616-478471", "id": 61502334, "exec_date": "2017-10-25T11:46:17.823"}, {"side": "BUY", "size": 0.5, "sell_child_order_acceptance_id": "JRF20171025-113652-244303", "price": 621300.0, "buy_child_order_acceptance_id": "JRF20171025-204607-311477", "id": 61502332, "exec_date": "2017-10-25T11:46:17.527"}, {"side": "BUY", "size": 0.32, "sell_child_order_acceptance_id": "JRF20171025-113652-244303", "price": 621300.0, "buy_child_order_acceptance_id": "JRF20171025-204615-411185", "id": 61502328, "exec_date": "2017-10-25T11:46:17.34"}, {"side": "BUY", "size": 0.6, "sell_child_order_acceptance_id": "JRF20171025-113652-244303", "price": 621300.0, "buy_child_order_acceptance_id": "JRF20171025-204613-895413", "id": 61502327, "exec_date": "2017-10-25T11:46:17.247"}, {"side": "BUY", "size": 0.2, "sell_child_order_acceptance_id": "JRF20171025-113652-244303", "price": 621300.0, "buy_child_order_acceptance_id": "JRF20171025-114616-155488", "id": 61502326, "exec_date": "2017-10-25T11:46:17.12"}, {"side": "BUY", "size": 0.09223783, "sell_child_order_acceptance_id": "JRF20171025-113652-244303", "price": 621300.0, "buy_child_order_acceptance_id": "JRF20171025-114615-294602", "id": 61502312, "exec_date": "2017-10-25T11:46:16.59"}, {"side": "BUY", "size": 0.324, "sell_child_order_acceptance_id": "JRF20171025-113652-244303", "price": 621300.0, "buy_child_order_acceptance_id": "JRF20171025-114613-294600", "id": 61502294, "exec_date": "2017-10-25T11:46:14.227"}, {"side": "BUY", "size": 0.64708595, "sell_child_order_acceptance_id": "JRF20171025-113652-244303", "price": 621300.0, "buy_child_order_acceptance_id": "JRF20171025-114613-008095", "id": 61502293, "exec_date": "2017-10-25T11:46:13.463"}, {"side": "BUY", "size": 0.00751405, "sell_child_order_acceptance_id": "JRF20171025-204437-198410", "price": 621290.0, "buy_child_order_acceptance_id": "JRF20171025-114613-008095", "id": 61502292, "exec_date": "2017-10-25T11:46:13.463"}, {"side": "BUY", "size": 0.09248595, "sell_child_order_acceptance_id": "JRF20171025-204437-198410", "price": 621290.0, "buy_child_order_acceptance_id": "JRF20171025-114613-637511", "id": 61502291, "exec_date": "2017-10-25T11:46:13.243"}, {"side": "BUY", "size": 0.40751405, "sell_child_order_acceptance_id": "JRF20171025-114556-248401", "price": 621220.0, "buy_child_order_acceptance_id": "JRF20171025-114613-637511", "id": 61502290, "exec_date": "2017-10-25T11:46:13.243"}, {"side": "BUY", "size": 0.0108, "sell_child_order_acceptance_id": "JRF20171025-114556-248401", "price": 621220.0, "buy_child_order_acceptance_id": "JRF20171025-114612-637508", "id": 61502287, "exec_date": "2017-10-25T11:46:12.79"}, {"side": "SELL", "size": 0.03, "sell_child_order_acceptance_id": "JRF20171025-114611-007746", "price": 621177.0, "buy_child_order_acceptance_id": "JRF20171025-114610-155472", "id": 61502284, "exec_date": "2017-10-25T11:46:12.057"}, {"side": "BUY", "size": 1.99826168, "sell_child_order_acceptance_id": "JRF20171025-114556-248401", "price": 621220.0, "buy_child_order_acceptance_id": "JRF20171025-204615-179973", "id": 61502278, "exec_date": "2017-10-25T11:46:10.993"}, {"side": "BUY", "size": 0.00118145, "sell_child_order_acceptance_id": "JRF20171025-114556-248401", "price": 621220.0, "buy_child_order_acceptance_id": "JRF20171025-114609-155470", "id": 61502275, "exec_date": "2017-10-25T11:46:09.727"}, {"side": "SELL", "size": 0.001, "sell_child_order_acceptance_id": "JRF20171025-204443-464244", "price": 621008.0, "buy_child_order_acceptance_id": "JRF20171025-114607-007796", "id": 61502271, "exec_date": "2017-10-25T11:46:08.977"}, {"side": "BUY", "size": 0.08850396, "sell_child_order_acceptance_id": "JRF20171025-114556-248401", "price": 621220.0, "buy_child_order_acceptance_id": "JRF20171025-114606-520952", "id": 61502268, "exec_date": "2017-10-25T11:46:08.447"}, {"side": "BUY", "size": 1.48962559, "sell_child_order_acceptance_id": "JRF20171025-114556-248401", "price": 621220.0, "buy_child_order_acceptance_id": "JRF20171025-114606-520951", "id": 61502264, "exec_date": "2017-10-25T11:46:08.243"}, {"side": "BUY", "size": 0.09223783, "sell_child_order_acceptance_id": "JRF20171025-114606-637496", "price": 621219.0, "buy_child_order_acceptance_id": "JRF20171025-114606-520951", "id": 61502263, "exec_date": "2017-10-25T11:46:08.243"}, {"side": "BUY", "size": 1.2202, "sell_child_order_acceptance_id": "JRF20171025-114556-248401", "price": 621220.0, "buy_child_order_acceptance_id": "JRF20171025-114606-008083", "id": 61502244, "exec_date": "2017-10-25T11:46:07.18"}, {"side": "BUY", "size": 0.0921, "sell_child_order_acceptance_id": "JRF20171025-114556-248401", "price": 621220.0, "buy_child_order_acceptance_id": "JRF20171025-114606-008081", "id": 61502241, "exec_date": "2017-10-25T11:46:06.837"}, {"side": "BUY", "size": 0.02, "sell_child_order_acceptance_id": "JRF20171025-114556-248401", "price": 621220.0, "buy_child_order_acceptance_id": "JRF20171025-114605-006768", "id": 61502236, "exec_date": "2017-10-25T11:46:06.12"}, {"side": "BUY", "size": 1.28776217, "sell_child_order_acceptance_id": "JRF20171025-114556-248401", "price": 621220.0, "buy_child_order_acceptance_id": "JRF20171025-114605-719946", "id": 61502233, "exec_date": "2017-10-25T11:46:05.603"}, {"side": "BUY", "size": 0.09223783, "sell_child_order_acceptance_id": "JRF20171025-114604-008075", "price": 621039.0, "buy_child_order_acceptance_id": "JRF20171025-114605-719946", "id": 61502232, "exec_date": "2017-10-25T11:46:05.603"}, {"side": "BUY", "size": 0.58286492, "sell_child_order_acceptance_id": "JRF20171025-114556-248401", "price": 621220.0, "buy_child_order_acceptance_id": "JRF20171025-114604-009120", "id": 61502224, "exec_date": "2017-10-25T11:46:04.79"}, {"side": "BUY", "size": 0.01829509, "sell_child_order_acceptance_id": "JRF20171025-114559-351035", "price": 621153.0, "buy_child_order_acceptance_id": "JRF20171025-114604-009120", "id": 61502223, "exec_date": "2017-10-25T11:46:04.79"}, {"side": "BUY", "size": 1.39983999, "sell_child_order_acceptance_id": "JRF20171025-114603-248500", "price": 621040.0, "buy_child_order_acceptance_id": "JRF20171025-114604-009120", "id": 61502222, "exec_date": "2017-10-25T11:46:04.79"}, {"side": "BUY", "size": 1.60016001, "sell_child_order_acceptance_id": "JRF20171025-114603-248500", "price": 621040.0, "buy_child_order_acceptance_id": "JRF20171025-114603-294585", "id": 61502221, "exec_date": "2017-10-25T11:46:04.583"}, {"side": "BUY", "size": 0.00118618, "sell_child_order_acceptance_id": "JRF20171025-114556-248401", "price": 621220.0, "buy_child_order_acceptance_id": "JRF20171025-114557-155452", "id": 61502214, "exec_date": "2017-10-25T11:45:57.513"}, {"side": "BUY", "size": 0.01829479, "sell_child_order_acceptance_id": "JRF20171025-114555-155449", "price": 620998.0, "buy_child_order_acceptance_id": "JRF20171025-114556-637474", "id": 61502212, "exec_date": "2017-10-25T11:45:56.547"}, {"side": "BUY", "size": 0.00119123, "sell_child_order_acceptance_id": "JRF20171025-114535-475861", "price": 621008.0, "buy_child_order_acceptance_id": "JRF20171025-114541-719886", "id": 61502167, "exec_date": "2017-10-25T11:45:41.73"}, {"side": "SELL", "size": 0.52981176, "sell_child_order_acceptance_id": "JRF20171025-114536-155417", "price": 621203.0, "buy_child_order_acceptance_id": "JRF20171025-114535-350997", "id": 61502137, "exec_date": "2017-10-25T11:45:36.457"}, {"side": "BUY", "size": 0.46118914, "sell_child_order_acceptance_id": "JRF20171025-114535-155413", "price": 621141.0, "buy_child_order_acceptance_id": "JRF20171025-114535-350997", "id": 61502136, "exec_date": "2017-10-25T11:45:36.113"}, {"side": "BUY", "size": 0.00080441, "sell_child_order_acceptance_id": "JRF20171025-114524-350981", "price": 621008.0, "buy_child_order_acceptance_id": "JRF20171025-114535-350997", "id": 61502135, "exec_date": "2017-10-25T11:45:36.113"}, {"side": "BUY", "size": 0.01829469, "sell_child_order_acceptance_id": "JRF20171025-114530-719865", "price": 621003.0, "buy_child_order_acceptance_id": "JRF20171025-114535-350997", "id": 61502134, "exec_date": "2017-10-25T11:45:36.113"}, {"side": "SELL", "size": 0.01, "sell_child_order_acceptance_id": "JRF20171025-114535-248175", "price": 620750.0, "buy_child_order_acceptance_id": "JRF20171025-114534-007728", "id": 61502130, "exec_date": "2017-10-25T11:45:35.457"}, {"side": "SELL", "size": 0.00494755, "sell_child_order_acceptance_id": "JRF20171025-114535-248175", "price": 620750.0, "buy_child_order_acceptance_id": "JRF20171025-204455-409591", "id": 61502129, "exec_date": "2017-10-25T11:45:35.457"}, {"side": "SELL", "size": 0.28, "sell_child_order_acceptance_id": "JRF20171025-114529-520910", "price": 620750.0, "buy_child_order_acceptance_id": "JRF20171025-204455-409591", "id": 61502113, "exec_date": "2017-10-25T11:45:30.847"}, {"side": "BUY", "size": 0.00119557, "sell_child_order_acceptance_id": "JRF20171025-114524-350981", "price": 621008.0, "buy_child_order_acceptance_id": "JRF20171025-114527-520906", "id": 61502105, "exec_date": "2017-10-25T11:45:28.877"}, {"side": "SELL", "size": 0.36305245, "sell_child_order_acceptance_id": "JRF20171025-204524-945705", "price": 620750.0, "buy_child_order_acceptance_id": "JRF20171025-204455-409591", "id": 61502093, "exec_date": "2017-10-25T11:45:24.487"}, {"side": "SELL", "size": 0.5, "sell_child_order_acceptance_id": "JRF20171025-204524-945705", "price": 620750.0, "buy_child_order_acceptance_id": "JRF20171025-204444-470058", "id": 61502092, "exec_date": "2017-10-25T11:45:24.487"}, {"side": "SELL", "size": 4.97037762, "sell_child_order_acceptance_id": "JRF20171025-204524-945705", "price": 620750.0, "buy_child_order_acceptance_id": "JRF20171025-114436-006677", "id": 61502091, "exec_date": "2017-10-25T11:45:24.487"}, {"side": "SELL", "size": 0.09405427, "sell_child_order_acceptance_id": "JRF20171025-204524-945705", "price": 620751.0, "buy_child_order_acceptance_id": "JRF20171025-114519-637415", "id": 61502090, "exec_date": "2017-10-25T11:45:24.487"}, {"side": "SELL", "size": 0.59120028, "sell_child_order_acceptance_id": "JRF20171025-204515-282402", "price": 621008.0, "buy_child_order_acceptance_id": "JRF20171025-114515-007649", "id": 61502085, "exec_date": "2017-10-25T11:45:18.793"}, {"side": "BUY", "size": 0.40879972, "sell_child_order_acceptance_id": "JRF20171025-114509-007682", "price": 620751.0, "buy_child_order_acceptance_id": "JRF20171025-114515-007649", "id": 61502079, "exec_date": "2017-10-25T11:45:15.887"}, {"side": "BUY", "size": 0.00120028, "sell_child_order_acceptance_id": "JRF20171025-114509-007682", "price": 620751.0, "buy_child_order_acceptance_id": "JRF20171025-114511-350930", "id": 61502073, "exec_date": "2017-10-25T11:45:13.513"}, {"side": "SELL", "size": 0.09, "sell_child_order_acceptance_id": "JRF20171025-114509-007682", "price": 620973.0, "buy_child_order_acceptance_id": "JRF20171025-114501-007633", "id": 61502060, "exec_date": "2017-10-25T11:45:09.62"}, {"side": "SELL", "size": 0.01, "sell_child_order_acceptance_id": "JRF20171025-114509-719763", "price": 620973.0, "buy_child_order_acceptance_id": "JRF20171025-114501-007633", "id": 61502059, "exec_date": "2017-10-25T11:45:09.42"}, {"side": "BUY", "size": 0.00120514, "sell_child_order_acceptance_id": "JRF20171025-114457-637219", "price": 621008.0, "buy_child_order_acceptance_id": "JRF20171025-114457-475712", "id": 61502031, "exec_date": "2017-10-25T11:44:59.373"}, {"side": "SELL", "size": 0.52956849, "sell_child_order_acceptance_id": "JRF20171025-114459-248075", "price": 620750.0, "buy_child_order_acceptance_id": "JRF20171025-114436-006677", "id": 61502029, "exec_date": "2017-10-25T11:44:59.25"}, {"side": "SELL", "size": 0.01, "sell_child_order_acceptance_id": "JRF20171025-114459-248075", "price": 620751.0, "buy_child_order_acceptance_id": "JRF20171025-114452-007629", "id": 61502028, "exec_date": "2017-10-25T11:44:59.25"}, {"side": "SELL", "size": 0.46043151, "sell_child_order_acceptance_id": "JRF20171025-114459-248075", "price": 620751.0, "buy_child_order_acceptance_id": "JRF20171025-114441-719631", "id": 61502027, "exec_date": "2017-10-25T11:44:59.25"}, {"side": "SELL", "size": 0.005, "sell_child_order_acceptance_id": "JRF20171025-114451-719652", "price": 620751.0, "buy_child_order_acceptance_id": "JRF20171025-114441-719631", "id": 61502011, "exec_date": "2017-10-25T11:44:52.06"}, {"side": "BUY", "size": 0.00120996, "sell_child_order_acceptance_id": "JRF20171025-114441-719630", "price": 620973.0, "buy_child_order_acceptance_id": "JRF20171025-114442-475672", "id": 61501996, "exec_date": "2017-10-25T11:44:42.85"}, {"side": "SELL", "size": 0.6, "sell_child_order_acceptance_id": "JRF20171025-204439-021593", "price": 620750.0, "buy_child_order_acceptance_id": "JRF20171025-114436-006677", "id": 61501995, "exec_date": "2017-10-25T11:44:40.957"}, {"side": "SELL", "size": 0.6, "sell_child_order_acceptance_id": "JRF20171025-204439-274914", "price": 620750.0, "buy_child_order_acceptance_id": "JRF20171025-114436-006677", "id": 61501994, "exec_date": "2017-10-25T11:44:40.537"}, {"side": "SELL", "size": 0.00199928, "sell_child_order_acceptance_id": "JRF20171025-114438-520778", "price": 620750.0, "buy_child_order_acceptance_id": "JRF20171025-114436-006677", "id": 61501992, "exec_date": "2017-10-25T11:44:39.973"}, {"side": "SELL", "size": 0.6, "sell_child_order_acceptance_id": "JRF20171025-204437-660291", "price": 620750.0, "buy_child_order_acceptance_id": "JRF20171025-114436-006677", "id": 61501991, "exec_date": "2017-10-25T11:44:39.863"}, {"side": "SELL", "size": 0.07284243, "sell_child_order_acceptance_id": "JRF20171025-114439-719626", "price": 620750.0, "buy_child_order_acceptance_id": "JRF20171025-114436-006677", "id": 61501990, "exec_date": "2017-10-25T11:44:39.52"}, {"side": "SELL", "size": 0.001, "sell_child_order_acceptance_id": "JRF20171025-114436-810982", "price": 620750.0, "buy_child_order_acceptance_id": "JRF20171025-114436-006677", "id": 61501985, "exec_date": "2017-10-25T11:44:37.6"}, {"side": "BUY", "size": 0.5, "sell_child_order_acceptance_id": "JRF20171025-114433-637155", "price": 620744.0, "buy_child_order_acceptance_id": "JRF20171025-114436-006677", "id": 61501978, "exec_date": "2017-10-25T11:44:36.787"}, {"side": "BUY", "size": 0.36421218, "sell_child_order_acceptance_id": "JRF20171025-114433-637154", "price": 620636.0, "buy_child_order_acceptance_id": "JRF20171025-114436-006677", "id": 61501977, "exec_date": "2017-10-25T11:44:36.787"}, {"side": "BUY", "size": 1.76, "sell_child_order_acceptance_id": "JRF20171025-114433-637152", "price": 620536.0, "buy_child_order_acceptance_id": "JRF20171025-114436-006677", "id": 61501976, "exec_date": "2017-10-25T11:44:36.787"}, {"side": "SELL", "size": 0.02, "sell_child_order_acceptance_id": "JRF20171025-204430-610449", "price": 620500.0, "buy_child_order_acceptance_id": "JRF20171025-204410-114358", "id": 61501942, "exec_date": "2017-10-25T11:44:33.1"}, {"side": "SELL", "size": 0.06, "sell_child_order_acceptance_id": "JRF20171025-114431-350844", "price": 620610.0, "buy_child_order_acceptance_id": "JRF20171025-114410-008909", "id": 61501941, "exec_date": "2017-10-25T11:44:32.957"}, {"side": "SELL", "size": 1.40377368, "sell_child_order_acceptance_id": "JRF20171025-204430-132874", "price": 620750.0, "buy_child_order_acceptance_id": "JRF20171025-114418-006661", "id": 61501933, "exec_date": "2017-10-25T11:44:31.38"}, {"side": "SELL", "size": 0.2, "sell_child_order_acceptance_id": "JRF20171025-204427-077878", "price": 620750.0, "buy_child_order_acceptance_id": "JRF20171025-114418-006661", "id": 61501925, "exec_date": "2017-10-25T11:44:30.41"}, {"side": "SELL", "size": 0.5, "sell_child_order_acceptance_id": "JRF20171025-204427-077878", "price": 620780.0, "buy_child_order_acceptance_id": "JRF20171025-114427-514295", "id": 61501924, "exec_date": "2017-10-25T11:44:30.41"}, {"side": "SELL", "size": 0.6, "sell_child_order_acceptance_id": "JRF20171025-204425-085528", "price": 620750.0, "buy_child_order_acceptance_id": "JRF20171025-114418-006661", "id": 61501910, "exec_date": "2017-10-25T11:44:28.223"}, {"side": "SELL", "size": 1.2, "sell_child_order_acceptance_id": "JRF20171025-114427-247975", "price": 620750.0, "buy_child_order_acceptance_id": "JRF20171025-114418-006661", "id": 61501909, "exec_date": "2017-10-25T11:44:28.037"}, {"side": "BUY", "size": 0.00121426, "sell_child_order_acceptance_id": "JRF20171025-114424-637133", "price": 620780.0, "buy_child_order_acceptance_id": "JRF20171025-114426-350836", "id": 61501907, "exec_date": "2017-10-25T11:44:27.627"}